@article{Gutierrez-Pineres2019,
    title = {{{\$}C{\^{}}3{\$} matching for asymptotically flat spacetimes}},
    year = {2019},
    author = {Guti{\'{e}}rrez-Pi{\~{n}}eres, Antonio C. and Quevedo, Hernando},
    url = {http://arxiv.org/abs/1901.01363},
    arxivId = {1901.01363}
}

@book{Nunez2010,
    title = {{10 Clases de Herramientas Computacionales Num{\'{e}}ricas}},
    year = {2010},
    author = {Nu{\~{n}}ez, Luis and Hern{\'{a}}ndez, Hector},
    number = {December 2014},
    isbn = {1111111111}
}

@article{Nigam2016,
    title = {{A Brief Review of Helmholtz Conditions}},
    year = {2016},
    author = {Nigam, Kushagra and Banerjee, Kinjal},
    number = {1},
    pages = {1--11},
    volume = {0},
    url = {http://arxiv.org/abs/1602.01563},
    arxivId = {1602.01563}
}

@article{Bardeen1966,
    title = {{A Catalogue of Methods for Studying the Normal Modes of Radial Pulsation of General-Relativistic Stellar Models}},
    year = {1966},
    journal = {The Astrophysical Journal},
    author = {Bardeen, James M. and Thorne, Kip S. and Meltzer, David W.},
    number = {9},
    month = {8},
    pages = {505},
    volume = {145},
    url = {http://adsabs.harvard.edu/doi/10.1086/148791},
    isbn = {9788578110796},
    doi = {10.1086/148791},
    issn = {0004-637X},
    pmid = {25246403},
    arxivId = {arXiv:1011.1669v3},
    keywords = {icle}
}

@article{Ivanov2018,
    title = {{A conformally flat realistic anisotropic model for a compact star}},
    year = {2018},
    author = {Ivanov, B. V.},
    pages = {1--22},
    url = {http://arxiv.org/abs/1803.07420},
    arxivId = {1803.07420}
}

@book{Schutz2009,
    title = {{A First Course in General Relativity}},
    year = {2009},
    author = {Schutz, Bernard},
    publisher = {Cambridge University Press},
    url = {http://ebooks.cambridge.org/ref/id/CBO9780511984181},
    address = {Cambridge},
    isbn = {9780511984181},
    doi = {10.1017/CBO9780511984181}
}

@article{Arnett1977,
    title = {{A Microscopic Interpretation of Neutron Star Structure}},
    year = {1977},
    journal = {The Astrophysical Journal Supplement Series},
    author = {Arnett, W. David and Bowers, Richard L},
    month = {4},
    pages = {415},
    volume = {33},
    url = {http://adsabs.harvard.edu/doi/10.1086/190434},
    isbn = {9788578110796},
    doi = {10.1086/190434},
    issn = {0067-0049},
    pmid = {25246403},
    arxivId = {arXiv:1011.1669v3}
}

@article{Pandharipande1975,
    title = {{A model neutron solid with {$\pi$} 0 condensate}},
    year = {1975},
    journal = {Nuclear Physics, Section A},
    author = {Pandharipande, V. R. and Smith, R. A.},
    number = {3},
    pages = {507--532},
    volume = {237},
    doi = {10.1016/0375-9474(75)90415-7},
    issn = {03759474}
}

@article{Ho2009,
    title = {{A Neutron Star with a Carbon Atmosphere in the Cassiopeia A Supernova Remnant}},
    year = {2009},
    journal = {Nature},
    author = {Ho, Wynn C. G. and Heinke, Craig O.},
    number = {7269},
    month = {11},
    pages = {71--73},
    volume = {462},
    url = {http://arxiv.org/abs/0911.0672 http://dx.doi.org/10.1038/nature08525},
    doi = {10.1038/nature08525},
    issn = {00280836},
    pmid = {19890325},
    arxivId = {0911.0672}
}

@article{Bertone2018,
    title = {{A new era in the search for dark matter}},
    year = {2018},
    journal = {Nature},
    author = {Bertone, Gianfranco and Tait, Tim M.P.},
    number = {7725},
    pages = {51--56},
    volume = {562},
    publisher = {Springer US},
    url = {http://dx.doi.org/10.1038/s41586-018-0542-z},
    doi = {10.1038/s41586-018-0542-z},
    issn = {14764687}
}

@article{Datta1995,
    title = {{A numerical survey of neutron star crustal density profiles}},
    year = {1995},
    journal = {Journal of Astrophysics and Astronomy},
    author = {Datta, B. and Thampan, A. V. and Bhattacharya, D.},
    number = {3-4},
    pages = {375--391},
    volume = {16},
    doi = {10.1007/BF02715610},
    issn = {02506335},
    keywords = {Stars: neutron, crusts: neutron star}
}

@misc{JodrellBankObservatory1996,
    title = {{A Tutorial on Radio Pulsars}},
    year = {1996},
    author = {{Jodrell Bank Observatory}},
    url = {http://www.jb.man.ac.uk/research/pulsar/Education/Tutorial/tut/tut.html}
}

@article{Douchin2001,
    title = {{A unified equation of state of dense matter and neutron star structure}},
    year = {2001},
    journal = {Astronomy {\&} Astrophysics},
    author = {Douchin, F. and Haensel, P.},
    number = {1},
    month = {12},
    pages = {151--167},
    volume = {380},
    url = {http://arxiv.org/abs/astro-ph/0111092%0Ahttp://dx.doi.org/10.1051/0004-6361:20011402 http://arxiv.org/abs/astro-ph/0111092 http://dx.doi.org/10.1051/0004-6361:20011402 http://www.aanda.org/10.1051/0004-6361:20011402},
    isbn = {7574518310720},
    doi = {10.1051/0004-6361:20011402},
    issn = {0004-6361},
    pmid = {9010224},
    arxivId = {astro-ph/0111092},
    keywords = {dense matter, equation of state, neutron, stars}
}

@article{Cromartie2019,
    title = {{A very massive neutron star: relativistic Shapiro delay measurements of PSR J0740+6620}},
    year = {2019},
    author = {Cromartie, H. Thankful and Fonseca, Emmanuel and Ransom, Scott M. and Demorest, Paul B. and Arzoumanian, Zaven and Blumer, Harsha and Brook, Paul R. and DeCesar, Megan E. and Dolch, Timothy and Ellis, Justin A. and Ferdman, Robert D. and Ferrara, Elizabeth C. and Garver-Daniels, Nathaniel and Gentile, Pete A. and Jones, Megan L. and Lam, Michael T. and Lorimer, Duncan R. and Lynch, Ryan S. and McLaughlin, Maura A. and Ng, Cherry and Nice, David J. and Pennucci, Timothy T. and Spiewak, Renee and Stairs, Ingrid H. and Stovall, Kevin and Swiggum, Joseph K. and Zhu, Weiwei},
    pages = {1--12},
    url = {http://arxiv.org/abs/1904.06759},
    arxivId = {1904.06759}
}

@article{Alvarez-Salazar2018,
    title = {{About the influence of the density profile on neutron star cooling by neutrino emission}},
    year = {2018},
    journal = {Astroparticle Physics},
    author = {Alvarez-Salazar, C. E. and Quimbay, C. J.},
    pages = {67--73},
    volume = {103},
    publisher = {Elsevier B.V.},
    url = {https://doi.org/10.1016/j.astropartphys.2018.07.007},
    doi = {10.1016/j.astropartphys.2018.07.007},
    issn = {09276505},
    keywords = {Density profile, Equation of state, Neutrino cooling, Neutron star}
}

@article{Hasmani2011,
    title = {{Algebraic Computation of Spin Coefficients in Newman-Penrose Formalism using Mathematica}},
    year = {2011},
    journal = {Journal of Dynamical Systems and Geometric Theories},
    author = {Hasmani, A.H. and Andharia, P.I.},
    number = {1},
    pages = {27--36},
    volume = {9},
    url = {http://www.tandfonline.com/doi/abs/10.1080/1726037X.2011.10698589},
    doi = {10.1080/1726037X.2011.10698589},
    issn = {1726-037X}
}

@article{Ramosd,
    title = {{Algunas Aplicaciones}},
    author = {Ramos, David}
}

@article{Vaidya1965,
    title = {{An analytical solution for gravitational collapse with radiation}},
    year = {1965},
    journal = {Astrophys. J},
    author = {Vaidya, P. C.},
    pages = {943--952}
}

@article{Balberg1997,
    title = {{An Effective Equation of State for Dense Matter with Strangeness}},
    year = {1997},
    author = {Balberg, Shmuel and Gal, Avraham},
    url = {http://arxiv.org/abs/nucl-th/9704013%0Ahttp://dx.doi.org/10.1016/S0375-9474(97)81465-0},
    doi = {10.1016/S0375-9474(97)81465-0},
    arxivId = {nucl-th/9704013},
    keywords = {effective interactions, equation of state, strangeness in neutron stars}
}

@article{Gourgoulhon2006,
    title = {{An introduction to relativistic hydrodynamics}},
    year = {2006},
    journal = {Journal of Physics: Conference Series},
    author = {Gourgoulhon, Eric},
    number = {1},
    month = {3},
    pages = {9--13},
    volume = {91},
    url = {http://arxiv.org/abs/gr-qc/0603009 http://dx.doi.org/10.1051/eas:2006106},
    doi = {10.1051/eas:2006106},
    issn = {17426596},
    arxivId = {gr-qc/0603009}
}

@book{Chandrasekhar1958,
    title = {{An Introduction to the Study of Stellar Structure}},
    year = {1958},
    author = {Chandrasekhar, Subrahmanyan},
    pages = {61--63},
    publisher = {Dover}
}

@article{Gourgoulhon2010,
    title = {{An introduction to the theory of rotating relativistic stars}},
    year = {2010},
    author = {Gourgoulhon, Eric},
    number = {September},
    url = {http://arxiv.org/abs/1003.5015},
    isbn = {9781847203847},
    doi = {10.1112/plms/s3-14.2.299},
    issn = {00246115},
    arxivId = {1003.5015},
    keywords = {LaTeX}
}

@article{Potekhin2013,
    title = {{Analytical representations of unified equations of state for neutron-star matter}},
    year = {2013},
    author = {Potekhin, A. Y. and Fantina, A. F. and Chamel, N. and Pearson, J. M. and Goriely, S.},
    pages = {1--13},
    url = {http://arxiv.org/abs/1310.0049%0Ahttp://dx.doi.org/10.1051/0004-6361/201321697},
    doi = {10.1051/0004-6361/201321697},
    arxivId = {1310.0049},
    keywords = {dense matter, equation of state, neutron, stars}
}

@article{Ivanov2017,
    title = {{Analytical study of anisotropic compact star models}},
    year = {2017},
    author = {Ivanov, B. V.},
    url = {http://arxiv.org/abs/1708.07971%0Ahttp://dx.doi.org/10.1140/epjc/s10052-017-5322-7},
    doi = {10.1140/epjc/s10052-017-5322-7},
    arxivId = {1708.07971}
}

@article{Setiawan2019,
    title = {{Anisotropic neutron stars and perfect fluidâ€™s energy conditions}},
    year = {2019},
    journal = {The European Physical Journal C},
    author = {Setiawan, A M and Sulaksono, A},
    number = {9},
    month = {9},
    pages = {755},
    volume = {79},
    url = {http://link.springer.com/10.1140/epjc/s10052-019-7265-7},
    isbn = {0123456789},
    doi = {10.1140/epjc/s10052-019-7265-7},
    issn = {1434-6044}
}

@article{Bowers1974,
    title = {{Anisotropic Spheres in General Relativity}},
    year = {1974},
    author = {Bowers, Richard L. and Liang, E. P. T.},
    number = {1},
    pages = {657--665}
}

@article{Gokhroo1994,
    title = {{Anisotropic spheres with variable energy density in general relativity}},
    year = {1994},
    journal = {General Relativity and Gravitation},
    author = {Gokhroo, M. K. and Mehra, A. L.},
    number = {1},
    pages = {75--84},
    volume = {26},
    doi = {10.1007/BF02088210},
    issn = {00017701}
}

@article{Mak2003,
    title = {{Anisotropic Stars in General Relativity}},
    year = {2003},
    journal = {Proceedings of the Royal Society of London. Series A, Mathematical, Physical and Engineering Sciences},
    author = {Mak, M. K. and Harko, T.},
    number = {2030},
    pages = {393--408},
    volume = {459},
    url = {http://rspa.royalsocietypublishing.org/content/459/2030/393.short},
    doi = {10.1098/rspa.2002.1014},
    issn = {1364-5021},
    arxivId = {arXiv:gr-qc/0110103v2},
    archivePrefix = {arXiv},
    eprint = {0110103v2},
    primaryClass = {gr-qc},
    keywords = {anisotropic stars, einstein, s field equations, static interior solutions}
}

@article{Engvik1994,
    title = {{Asymmetric nuclear matter and neutron star properties}},
    year = {1994},
    journal = {Physical Review Letters},
    author = {Engvik, L. and Hjorth-Jensen, M. and Osnes, E. and Bao, G. and {\O}stgaard, E.},
    number = {20},
    pages = {2650--2653},
    volume = {73},
    doi = {10.1103/PhysRevLett.73.2650},
    issn = {00319007},
    arxivId = {arXiv:nucl-th/9509016v1},
    archivePrefix = {arXiv},
    eprint = {9509016v1},
    primaryClass = {nucl-th}
}

@article{Zuo1999,
    title = {{Asymmetric nuclear matter from an extended Brueckner-Hartree-Fock approach}},
    year = {1999},
    journal = {Physical Review C - Nuclear Physics},
    author = {Zuo, W. and Bombaci, I. and Lombardo, U.},
    number = {2},
    pages = {13},
    volume = {60},
    doi = {10.1103/PhysRevC.60.024605},
    issn = {1089490X}
}

@book{Shapiro1983,
    title = {{Black Holes, White Dwarfs and Neutron Stars}},
    year = {1983},
    author = {Shapiro, Stuart L. and Teukolsky, Saul A.},
    publisher = {WILEY-VCH},
    isbn = {0022-0973}
}

@article{Bohmer2006,
    title = {{Bounds on the basic physical parameters for anisotropic compact general relativistic objects}},
    year = {2006},
    journal = {Classical and Quantum Gravity},
    author = {B{\"{o}}hmer, C. G. and Harko, T.},
    number = {22},
    pages = {1--18},
    volume = {23},
    doi = {10.1088/0264-9381/23/22/023},
    issn = {02649381},
    arxivId = {arXiv:gr-qc/0609061v1},
    archivePrefix = {arXiv},
    eprint = {0609061v1},
    primaryClass = {gr-qc}
}

@misc{Herrera,
    title = {{Campos Gravitacionales en la Materia}},
    author = {Herrera, L}
}

@article{Mueller2009,
    title = {{Catalogue of Spacetimes}},
    year = {2009},
    author = {Mueller, Thomas and Grave, Frank},
    url = {http://arxiv.org/abs/0904.4184},
    arxivId = {0904.4184}
}

@phdthesis{Becerra2013,
    title = {{Colapso lento de configuraciones esf{\'{e}}ricamente sim{\'{e}}tricas, no-locales y anis{\'{o}}tropas en Relatividad General}},
    year = {2013},
    author = {Becerra, Laura}
}

@article{Jackson2005,
    title = {{Compact objects for everyone: I. White dwarf stars}},
    year = {2005},
    journal = {European Journal of Physics},
    author = {Jackson, C. B. and Taruna, J. and Pouliot, S. L. and Ellison, B. W. and Lee, D. D. and Piekarewicz, J.},
    number = {5},
    pages = {695--709},
    volume = {26},
    doi = {10.1088/0143-0807/26/5/003},
    issn = {01430807},
    arxivId = {arXiv:astro-ph/0409348v2},
    archivePrefix = {arXiv},
    eprint = {0409348v2},
    primaryClass = {astro-ph}
}

@book{Glendenning2000,
    title = {{Compact Stars}},
    year = {2000},
    author = {Glendenning, Norman},
    edition = {2},
    pages = {468},
    publisher = {Springer-Verlag New York}
}

@article{MacCallum2018,
    title = {{Computer algebra in gravity research}},
    year = {2018},
    journal = {Living Reviews in Relativity},
    author = {MacCallum, Malcolm A. H.},
    number = {1},
    month = {12},
    pages = {6},
    volume = {21},
    publisher = {Springer International Publishing},
    url = {https://doi.org/10.1007/s41114-018-0015-6 http://link.springer.com/10.1007/s41114-018-0015-6},
    doi = {10.1007/s41114-018-0015-6},
    issn = {2367-3613},
    keywords = {Algorithms, Computer algebra, Exact solutions, General relativity, Gravitation theory, Programs, algorithms, computer algebra, exact solutions, general relativity, gravitation theory, programs}
}

@article{Markakis2017,
    title = {{Conservation laws and evolution schemes in geodesic, hydrodynamic, and magnetohydrodynamic flows}},
    year = {2017},
    journal = {Physical Review D},
    author = {Markakis, Charalampos and Uryu, Koji and Gourgoulhon, Eric and Nicolas, Jean Philippe and Andersson, Nils and Pouri, Athina and Witzany, VojtÄ›ch},
    number = {6},
    pages = {1--26},
    volume = {96},
    doi = {10.1103/PhysRevD.96.064019},
    issn = {24700029},
    arxivId = {1612.09308}
}

@article{Takami2014,
    title = {{Constraining the Equation of State of Neutron Stars from Binary Mergers}},
    year = {2014},
    journal = {PHYSICAL REVIEW LETTERS},
    author = {Takami, Kentaro and Luciano, Rezzolla and Luca, Baiotti},
    isbn = {1070-9878},
    doi = {10.1109/TDEI.2009.5211872},
    issn = {10709878},
    pmid = {24335434},
    arxivId = {NIHMS150003}
}

@article{Takami2015,
    title = {{Constraining the equation of state of neutron stars from binary mergers}},
    year = {2015},
    journal = {Journal of Physics: Conference Series},
    author = {Takami, Kentaro and Rezzolla, Luciano and Baiotti, Luca},
    number = {1},
    pages = {1--5},
    volume = {600},
    isbn = {9783319200453},
    doi = {10.1088/1742-6596/600/1/012056},
    issn = {17426596},
    pmid = {25215972},
    arxivId = {1403.5672}
}

@article{Tews2018,
    title = {{Constraining the Speed of Sound inside Neutron Stars with Chiral Effective Field Theory Interactions and Observations}},
    year = {2018},
    journal = {The Astrophysical Journal},
    author = {Tews, I. and Carlson, J. and Gandolfi, S. and Reddy, S.},
    number = {2},
    pages = {149},
    volume = {860},
    doi = {10.3847/1538-4357/aac267},
    keywords = {dense matter, equation of state, neutron, stars}
}

@article{Shibata2019,
    title = {{Constraint on the maximum mass of neutron stars using GW170817 event}},
    year = {2019},
    journal = {Physical Review D},
    author = {Shibata, Masaru and Zhou, Enping and Kiuchi, Kenta and Fujibayashi, Sho},
    number = {2},
    pages = {1--14},
    volume = {100},
    doi = {10.1103/physrevd.100.023015},
    issn = {2470-0010},
    arxivId = {arXiv:1905.03656v3}
}

@article{Read2009,
    title = {{Constraints on a phenomenologically parametrized neutron-star equation of state}},
    year = {2009},
    journal = {Physical Review D - Particles, Fields, Gravitation and Cosmology},
    author = {Read, Jocelyn S. and Lackey, Benjamin D. and Owen, Benjamin J. and Friedman, John L.},
    number = {12},
    pages = {1--18},
    volume = {79},
    doi = {10.1103/PhysRevD.79.124032},
    issn = {15507998},
    pmid = {26275007},
    arxivId = {0812.2163}
}

@article{Koliogiannis2019,
    title = {{Constraints on the equation of state from the stability condition of neutron stars}},
    year = {2019},
    journal = {Astrophysics and Space Science},
    author = {Koliogiannis, P. S. and Moustakidis, C. C.},
    number = {3},
    volume = {364},
    publisher = {Springer Nature B.V.},
    url = {http://dx.doi.org/10.1007/s10509-019-3539-7},
    doi = {10.1007/s10509-019-3539-7},
    issn = {1572946X},
    keywords = {Adiabatic index, Neutron stars, Nuclear equation of state, Stability condition}
}

@article{Hernandez2018,
    title = {{Convection and cracking stability of spheres in General Relativity}},
    year = {2018},
    journal = {The European Physical Journal C},
    author = {Hern{\'{a}}ndez, HÃ©ctor and N{\'{u}}{\~{n}}ez, Luis A. and V{\'{a}}squez-Ram{\'{i}}rez, Adriana},
    number = {11},
    month = {8},
    volume = {78},
    url = {http://arxiv.org/abs/1808.10526 http://dx.doi.org/10.1140/epjc/s10052-018-6365-0},
    doi = {10.1140/epjc/s10052-018-6365-0},
    arxivId = {1808.10526}
}

@article{Negreiros2012,
    title = {{Cooling of young neutron stars in GRB associated to supernovae}},
    year = {2012},
    journal = {Astronomy {\&} Astrophysics},
    author = {Negreiros, R. and Ruffini, R. and Bianco, C. L. and Rueda, J. A.},
    pages = {A12},
    volume = {540},
    url = {http://www.aanda.org/10.1051/0004-6361/201117006},
    doi = {10.1051/0004-6361/201117006},
    issn = {0004-6361},
    arxivId = {1112.3462},
    keywords = {gamma-ray burst, general, neutron, stars, supernovae}
}

@article{Gonzalez2014,
    title = {{Cracking isotropic and anisotropic relativistic spheres}},
    year = {2014},
    author = {Gonzalez, Guillermo A. and Navarro, Anamaria and Nunez, Luis A.},
    month = {10},
    url = {http://arxiv.org/abs/1410.7733},
    arxivId = {1410.7733}
}

@article{Herrera1992,
    title = {{Cracking of self-gravitating compact objects}},
    year = {1992},
    journal = {Physics Letters A},
    author = {Herrera, L.},
    number = {3},
    pages = {206--210},
    volume = {165},
    doi = {10.1016/0375-9601(92)90036-L},
    issn = {03759601}
}

@article{Ezquiaga2018a,
    title = {{Dark Energy in light of Multi-Messenger Gravitational-Wave astronomy}},
    year = {2018},
    author = {Ezquiaga, Jose MarÃ­a and Zumalac{\'{a}}rregui, Miguel},
    number = {Dm},
    pages = {1--35},
    url = {http://arxiv.org/abs/1807.09241},
    arxivId = {1807.09241}
}

@article{Ezquiaga2018,
    title = {{Dark Energy in light of Multi-Messenger Gravitational-Wave astronomy}},
    year = {2018},
    author = {Ezquiaga, Jose MarÃ­a and Zumalac{\'{a}}rregui, Miguel},
    month = {7},
    pages = {1--34},
    url = {http://arxiv.org/abs/1807.09241%0Ahttp://dx.doi.org/10.3389/fspas.2018.00044 http://arxiv.org/abs/1807.09241 http://dx.doi.org/10.3389/fspas.2018.00044},
    doi = {10.3389/fspas.2018.00044},
    arxivId = {1807.09241}
}

@article{Joyce2016,
    title = {{Dark Energy vs. Modified Gravity}},
    year = {2016},
    author = {Joyce, Austin and Lombriser, Lucas and Schmidt, Fabian},
    number = {May},
    pages = {95--122},
    url = {http://arxiv.org/abs/1601.06133%0Ahttp://dx.doi.org/10.1146/annurev-nucl-102115-044553},
    doi = {10.1146/annurev-nucl-102115-044553},
    arxivId = {1601.06133},
    keywords = {cosmology, dark energy, large-scale, modified gravity, structure formation}
}

@article{Hogg,
    title = {{Data analysis recipes: Fitting a model to data}},
    author = {Hogg, David W and Bovy, Jo and Lang, Dustin},
    arxivId = {arXiv:1008.4686v1}
}

@article{Ramose,
    title = {{Definiciones de masa}},
    author = {Ramos, David}
}

@techreport{Ramosc,
    title = {{Derivadas de Lie, isometr{\'{i}}as y vectores de Killing}},
    author = {Ramos, David}
}

@article{Campisi2009,
    title = {{Derivation of Boltzmann Principle}},
    year = {2009},
    author = {Campisi, Michele and Kobe, Donald H.},
    number = {June},
    pages = {608--615},
    url = {http://arxiv.org/abs/0911.2070%0Ahttp://dx.doi.org/10.1119/1.3298372},
    isbn = {0002-9505},
    doi = {10.1119/1.3298372},
    issn = {0002-9505},
    arxivId = {0911.2070}
}

@article{Gerlich1973,
    title = {{Die verallgemeinerte Liouville-Gleichung}},
    year = {1973},
    journal = {Physica},
    author = {Gerlich, G.},
    number = {2},
    pages = {458--466},
    volume = {69},
    doi = {10.1016/0031-8914(73)90083-9},
    issn = {00318914}
}

@article{Chan1993,
    title = {{Dynamical instability for radiating anisotropic collapse}},
    year = {1993},
    journal = {Monthly Notices of the Royal Astronomical Society},
    author = {Chan, R. and Herrera, L. and Santos, N. O.},
    number = {3},
    month = {12},
    pages = {533--544},
    volume = {265},
    url = {https://academic.oup.com/mnras/article-lookup/doi/10.1093/mnras/265.3.533},
    doi = {10.1093/mnras/265.3.533},
    issn = {0035-8711}
}

@article{Chandrasekhar1964,
    title = {{Dynamical instability of gaseous masses approaching the schwarzschild limit in general relativity}},
    year = {1964},
    journal = {Physical Review Letters},
    author = {Chandrasekhar, S.},
    number = {4},
    pages = {114--116},
    volume = {12},
    doi = {10.1103/PhysRevLett.12.114},
    issn = {00319007}
}

@article{Vasconcellos2014,
    title = {{Effective field theory for neutron stars with genuine many-body forces}},
    year = {2014},
    journal = {Astronomische Nachrichten},
    author = {Vasconcellos, C. A Z and Gomes, R. O. and Dexheimer, V. and Negreiros, R. P. and Horvath, J. and Hadjimichef, D.},
    number = {6-7},
    pages = {763--768},
    volume = {335},
    doi = {10.1002/asna.201412106},
    issn = {15213994},
    arxivId = {astro-ph.SR/1402.5624},
    keywords = {Dense matter, Elementary particles, Equation of state, Stars: neutron}
}

@misc{Ramos,
    title = {{Ejercicio 7.5 Schutz}},
    author = {Ramos, David}
}

@article{Balachandran2019,
    title = {{Emergent Gauge Symmetries and Quantum Operations}},
    year = {2019},
    author = {Balachandran, A. P. and Burbano, I. M. and Reyes-Lega, A. F. and Tabban, S.},
    pages = {1--12},
    url = {http://arxiv.org/abs/1906.05464},
    arxivId = {1906.05464}
}

@phdthesis{Westmoreland2013,
    title = {{ENERGY CONDITIONS AND SCALAR FIELD COSMOLOGY}},
    year = {2013},
    author = {Westmoreland, Shawn}
}

@article{Prakash1988,
    title = {{Equation of state and the maximum mass of neutron stars}},
    year = {1988},
    journal = {Physical Review Letters},
    author = {Prakash, M. and Ainsworth, T. L. and Lattimer, J. M.},
    number = {22},
    pages = {2518--2521},
    volume = {61},
    doi = {10.1103/PhysRevLett.61.2518},
    issn = {00319007}
}

@article{Wiringa1988,
    title = {{Equation of state for dense nucleon matter}},
    year = {1988},
    journal = {Physical Review C},
    author = {Wiringa, R. B. and Fiks, V and Fabrocini, A},
    number = {2},
    month = {8},
    pages = {1010--1037},
    volume = {38},
    url = {https://link.aps.org/doi/10.1103/PhysRevC.38.1010},
    doi = {10.1103/PhysRevC.38.1010},
    issn = {0556-2813}
}

@article{Akmal1998,
    title = {{Equation of state of nucleon matter and neutron star structure}},
    year = {1998},
    journal = {Physical Review C},
    author = {Akmal, A. and Pandharipande, V. R. and Ravenhall, D. G.},
    number = {3},
    month = {9},
    pages = {1804--1828},
    volume = {58},
    url = {https://link.aps.org/doi/10.1103/PhysRevC.58.1804},
    doi = {10.1103/PhysRevC.58.1804},
    issn = {0556-2813}
}

@article{Oertel2017,
    title = {{Equations of state for supernovae and compact stars}},
    year = {2017},
    author = {Oertel, M and Hempel, M}
}

@book{Salaris2005,
    title = {{Evolution of Stars and Stellar Populations}},
    year = {2005},
    author = {Salaris, Maurizio and Cassisi, Santi},
    publisher = {John Wiley and Sons}
}

@article{Negi2004,
    title = {{Exact Solutions of Einstein Equations}},
    year = {2004},
    author = {Negi, P.S},
    pages = {06},
    url = {http://arxiv.org/abs/gr-qc/0101012}
}

@article{Turyshev2008,
    title = {{Experimental Tests of General Relativity}},
    year = {2008},
    journal = {Annual Review of Nuclear and Particle Science},
    author = {Turyshev, Slava G.},
    number = {1},
    pages = {207--248},
    volume = {58},
    url = {http://www.annualreviews.org/doi/10.1146/annurev.nucl.58.020807.111839},
    doi = {10.1146/annurev.nucl.58.020807.111839},
    issn = {0163-8998},
    pmid = {15699249},
    arxivId = {0806.1731},
    keywords = {cosmology, equivalence principle, gravitational experiments in, modified gravity, scalar-tensor theories, standard model extensions, string theory}
}

@article{Janka2012,
    title = {{Explosion Mechanisms of Core-Collapse Supernovae}},
    year = {2012},
    journal = {Annual Review of Nuclear and Particle Science},
    author = {Janka, Hans-Thomas},
    number = {1},
    month = {11},
    pages = {407--451},
    volume = {62},
    url = {http://arxiv.org/abs/1206.2503%0A http://www.annualreviews.org/doi/10.1146/annurev-nucl-102711-094901},
    isbn = {978-0-8243-1562-7},
    doi = {10.1146/annurev-nucl-102711-094901},
    issn = {0163-8998},
    arxivId = {1206.2503},
    keywords = {black holes, hydrodynamics, magnetic fields, massive stars, neutrinos, neutron stars}
}

@article{Wilcox1967,
    title = {{Exponential operators and parameter differentiation in quantum physics}},
    year = {1967},
    journal = {Journal of Mathematical Physics},
    author = {Wilcox, R. M.},
    number = {4},
    pages = {962--982},
    volume = {8},
    isbn = {00222488},
    doi = {10.1063/1.1705306},
    issn = {00222488}
}

@article{Bishop2016,
    title = {{Extraction of gravitational waves in numerical relativity}},
    year = {2016},
    journal = {Living Reviews in Relativity},
    author = {Bishop, Nigel T and Rezzolla, Luciano},
    number = {1},
    month = {12},
    pages = {2},
    volume = {19},
    publisher = {Springer International Publishing},
    url = {http://link.springer.com/10.1007/s41114-016-0001-9},
    isbn = {4111401600},
    doi = {10.1007/s41114-016-0001-9},
    issn = {2367-3613},
    keywords = {Binary mergers, Black holes, Gravitational wave extraction, Neutron stars, Numerical relativity, an earlier version incorrectly, and open access, binary mergers, black holes, gravitational wave extraction, licence note added, neutron stars, numerical relativity, placing this article as, the bibliographical information of, this is a corrected, version of the article, with corrected bibliographical information}
}

@article{Cipolletta2015,
    title = {{Fast rotating neutron stars with realistic nuclear matter equation of state}},
    year = {2015},
    journal = {Physical Review D - Particles, Fields, Gravitation and Cosmology},
    author = {Cipolletta, F. and Cherubini, C. and Filippi, S. and Rueda, J. A. and Ruffini, R.},
    number = {2},
    pages = {1--14},
    volume = {92},
    doi = {10.1103/PhysRevD.92.023007},
    issn = {15502368},
    arxivId = {1506.05926},
    keywords = {2, 3, classified according to, equations of state of, from the classic point-like, magneto-dipole rotating model, neutron-star matter, nss have been traditionally, numerical relativity, relativistic stars, stellar rotation, the energy source powering, the thought nature of, their}
}

@article{Glendenning1999,
    title = {{First order kaon condensate}},
    year = {1999},
    journal = {Physical Review C - Nuclear Physics},
    author = {Glendenning, Norman K. and Schaffner-Bielich, JÃ¼rgen},
    number = {2},
    pages = {13},
    volume = {60},
    doi = {10.1103/PhysRevC.60.025803},
    issn = {1089490X}
}

@article{Shahrbaf2019,
    title = {{First-order phase transition from hypernuclear matter to deconfined quark matter obeying new constraints from compact star observations}},
    year = {2019},
    author = {Shahrbaf, M. and Blaschke, D. and Grunfeld, A. G. and Moshfegh, H. R.},
    number = {1429},
    pages = {1--33},
    url = {http://arxiv.org/abs/1908.04740},
    arxivId = {1908.04740}
}

@techreport{Ramosb,
    title = {{F{\'{i}}sica en un espacio-tiempo curvo}},
    author = {Ramos, David}
}

@article{Haar1955,
    title = {{Foundations of Statistical Mechanics}},
    year = {1955},
    journal = {REVIEWS OF MODERN PH YSICS},
    author = {Haar, D Ter},
    number = {3},
    volume = {27}
}

@article{Raithel2017,
    title = {{From Neutron Star Observables to the Equation of State. II. Bayesian Inference of Equation of State Pressures}},
    year = {2017},
    journal = {The Astrophysical Journal},
    author = {Raithel, Carolyn A. and {\"{O}}zel, Feryal and Psaltis, Dimitrios},
    number = {2},
    month = {4},
    pages = {156},
    volume = {844},
    url = {http://arxiv.org/abs/1704.00737 http://dx.doi.org/10.3847/1538-4357/aa7a5a},
    doi = {10.3847/1538-4357/aa7a5a},
    arxivId = {1704.00737}
}

@article{Graham2015,
    title = {{Galaxy bulges and their massive black holes: A review}},
    year = {2015},
    journal = {Galactic Bulges},
    author = {Graham, Alister W.},
    number = {2005},
    pages = {263--313},
    volume = {418},
    isbn = {9783319193786},
    doi = {10.1007/978-3-319-19378-6{\_}11},
    arxivId = {1501.02937}
}

@article{Buchdahl1959,
    title = {{General Relativistic Fluid Spheres}},
    year = {1959},
    journal = {Physical Review},
    author = {Buchdahl, H. A.},
    number = {4},
    month = {11},
    pages = {1027--1034},
    volume = {116},
    url = {https://link.aps.org/doi/10.1103/PhysRev.116.1027},
    doi = {10.1103/PhysRev.116.1027},
    issn = {0031-899X}
}

@article{Rovelli2012,
    title = {{General relativistic statistical mechanics}},
    year = {2012},
    author = {Rovelli, Carlo},
    url = {http://arxiv.org/abs/1209.0065%0Ahttp://dx.doi.org/10.1103/PhysRevD.87.084055},
    doi = {10.1103/PhysRevD.87.084055},
    arxivId = {1209.0065}
}

@article{Chanda2017,
    title = {{Geometrical formulation of relativistic mechanics}},
    year = {2017},
    journal = {International Journal of Geometric Methods in Modern Physics},
    author = {Chanda, Sumanto and Guha, Partha},
    number = {04},
    pages = {1850062},
    volume = {15},
    doi = {10.1142/s0219887818500627},
    issn = {0219-8878},
    arxivId = {arXiv:1706.01921v3},
    keywords = {bohlin-arnold duality, formulation, gravitational redshift, lienard equation, local lorentz transformation, relativistic chiellini condition, relativistic kepler, relativistic mechanics, semi-relativistic}
}

@book{Weinberg1972,
    title = {{Gravitation and Cosmology}},
    year = {1972},
    author = {Weinberg, Steven},
    publisher = {John Wiley and Sons}
}

@article{Kratter2016,
    title = {{Gravitational Instabilities in Circumstellar Disks}},
    year = {2016},
    author = {Kratter, Kaitlin M. and Lodato, Giuseppe},
    url = {http://arxiv.org/abs/1603.01280%0Ahttp://dx.doi.org/10.1146/annurev-astro-081915-023307},
    isbn = {1545-1593 (Electronic){\textbackslash}r0066-426X (Linking)},
    doi = {10.1146/annurev-astro-081915-023307},
    issn = {0066-4146},
    pmid = {26905656},
    arxivId = {1603.01280},
    keywords = {accretion disks, hydrodynamics, star and planet formation}
}

@article{Ruiz2018,
    title = {{GW170817, general relativistic magnetohydrodynamic simulations, and the neutron star maximum mass}},
    year = {2018},
    journal = {Physical Review D},
    author = {Ruiz, Milton and Shapiro, Stuart L. and Tsokaros, Antonios},
    number = {2},
    pages = {1--7},
    volume = {97},
    doi = {10.1103/PhysRevD.97.021501},
    issn = {24700029},
    arxivId = {arXiv:1711.00473v3}
}

@article{Radice2018,
    title = {{GW170817: Joint Constraint on the Neutron Star Equation of State from Multimessenger Observations}},
    year = {2018},
    journal = {The Astrophysical Journal},
    author = {Radice, David and Perego, Albino and Zappa, Francesco and Bernuzzi, Sebastiano},
    number = {2},
    pages = {L29},
    volume = {852},
    doi = {10.3847/2041-8213/aaa402},
    arxivId = {arXiv:1711.03647v3},
    keywords = {equation of state, gravitational waves, neutron, stars}
}

@article{Jonsson2007,
    title = {{Gyroscope precession in special and general relativity from basic principles}},
    year = {2007},
    author = {Jonsson, Rickard},
    number = {2007},
    volume = {463},
    url = {http://arxiv.org/abs/0708.2490%0Ahttp://dx.doi.org/10.1119/1.2719202},
    doi = {10.1119/1.2719202},
    issn = {00029505},
    arxivId = {0708.2490}
}

@article{Friedman1981,
    title = {{Hot and cold, nuclear and neutron matter}},
    year = {1981},
    journal = {Nuclear Physics, Section A},
    author = {Friedman, B and Pandharipande, V. R.},
    number = {2},
    pages = {502--520},
    volume = {361},
    doi = {10.1016/0375-9474(81)90649-7},
    issn = {0375-9474},
    keywords = {atomic physics, neutron, neutron cross section, neutron radiation, neutron scattering, neutron star, nuclear drip line, nuclear matter, nuclear physics, nuclear reaction, physics}
}

@article{Singh2011,
    title = {{How and why does statistical mechanics work}},
    year = {2011},
    author = {Singh, Navinder},
    url = {http://arxiv.org/abs/1103.4003},
    isbn = {1103.4003},
    arxivId = {1103.4003}
}

@article{Swendsen2011,
    title = {{How physicists disagree on the meaning of entropy}},
    year = {2011},
    journal = {American Journal of Physics},
    author = {Swendsen, Robert H.},
    number = {4},
    pages = {342--348},
    volume = {79},
    url = {http://aapt.scitation.org/doi/10.1119/1.3536633},
    isbn = {0002-9505},
    doi = {10.1119/1.3536633},
    issn = {0002-9505}
}

@article{Alford2005,
    title = {{Hybrid Stars that Masquerade as Neutron Stars}},
    year = {2005},
    journal = {The Astrophysical Journal},
    author = {Alford, Mark and Braby, Matt and Paris, Mark and Reddy, Sanjay},
    number = {2},
    pages = {969--978},
    volume = {629},
    doi = {10.1086/430902},
    issn = {0004-637X},
    arxivId = {arXiv:nucl-th/0411016v2},
    archivePrefix = {arXiv},
    eprint = {0411016v2},
    primaryClass = {nucl-th}
}

@article{Cierniak2019,
    title = {{Impact of the Nuclear Equation of State on the Stability of Hybrid Neutron Stars}},
    year = {2019},
    author = {Cierniak, Mateusz and Fischer, Tobias and Bastian, Niels-Uwe and Klaehn, Thomas and Salinas, Marc},
    pages = {1--14},
    url = {http://arxiv.org/abs/1908.09534%0Ahttp://dx.doi.org/10.3390/universe5080186},
    doi = {10.3390/universe5080186},
    arxivId = {1908.09534},
    keywords = {bag model, dense matter, dyson, neutron stars, quantum chromodyamics, schwinger}
}

@article{Cook2000,
    title = {{Initial Data for Numerical Relativity}},
    year = {2000},
    author = {Cook, Gregory B},
    month = {7},
    url = {http://arxiv.org/abs/gr-qc/0007085 http://dx.doi.org/10.12942/lrr-2000-5},
    doi = {10.12942/lrr-2000-5},
    arxivId = {gr-qc/0007085}
}

@incollection{Friedman2014,
    title = {{Instabilities of Relativistic Stars}},
    year = {2014},
    booktitle = {General Relativity, Cosmology and Astrophysics},
    author = {Friedman, John L. and Stergioulas, Nikolaos},
    pages = {427--458},
    publisher = {Springer International Publishing},
    url = {http://link.springer.com/10.1007/978-3-319-06349-2_20},
    doi = {10.1007/978-3-319-06349-2{\_}20}
}

@article{Lattimer2015a,
    title = {{Introduction to neutron stars}},
    year = {2015},
    journal = {AIP Conference Proceedings},
    author = {Lattimer, James M.},
    pages = {61--78},
    volume = {1645},
    isbn = {9780735412842},
    doi = {10.1063/1.4909560},
    issn = {15517616},
    keywords = {Dense Matter Equation of State, Neutron Stars, Pulsars, Quark Matter}
}

@article{Scilla2016,
    title = {{Introduction to stellar evolution}},
    year = {2016},
    journal = {Journal of Physics: Conference Series},
    author = {Scilla, Deglâ€™Innocenti},
    month = {4},
    pages = {012002},
    volume = {703},
    url = {http://stacks.iop.org/1742-6596/703/i=1/a=012002?key=crossref.f117e18516bbec478f0c53e64f1de69d},
    doi = {10.1088/1742-6596/703/1/012002},
    issn = {1742-6588}
}

@article{Deruelle2008,
    title = {{Junction conditions in f(R) theories of gravity}},
    year = {2008},
    journal = {Progress of Theoretical Physics},
    author = {Deruelle, Nathalie and Sasaki, Misao and Sendouda, Yuuiti},
    number = {2},
    pages = {237--251},
    volume = {119},
    doi = {10.1143/PTP.119.237},
    issn = {13474081}
}

@article{Bonnor1982,
    title = {{Junction conditions in general relativity}},
    year = {1982},
    author = {Bonnor, W. B. and Vickers, P. A.},
    number = {l},
    pages = {29--36},
    volume = {1785}
}

@article{Kaplan1988,
    title = {{Kaon Condensation in Dense Matter}},
    year = {1988},
    journal = {Nuclear Physics A},
    author = {Kaplan, D B and Nelson, A E},
    pages = {273--284},
    volume = {479}
}

@article{Schiffer1973,
    title = {{Kerr geometry as complexified Schwarzschild geometry}},
    year = {1973},
    journal = {Journal of Mathematical Physics},
    author = {Schiffer, Menahem M. and Adler, Ronald J. and Mark, James and Sheffield, Charles},
    number = {1},
    pages = {52--56},
    volume = {14},
    doi = {10.1063/1.1666171},
    issn = {00222488}
}

@article{Garfinkle2010,
    title = {{Killing Tensors and Symmetries}},
    year = {2010},
    author = {Garfinkle, David and Glass, E N},
    month = {2},
    url = {http://arxiv.org/abs/1003.0019 http://dx.doi.org/10.1088/0264-9381/27/9/095004},
    doi = {10.1088/0264-9381/27/9/095004},
    arxivId = {1003.0019}
}

@article{Katanaev2016,
    title = {{Killing vector fields and a homogeneous isotropic universe}},
    year = {2016},
    author = {Katanaev, M. O.},
    pages = {1--23},
    url = {http://arxiv.org/abs/1610.05628%0Ahttp://dx.doi.org/10.3367/UFNe.2016.05.037808},
    doi = {10.3367/UFNe.2016.05.037808},
    arxivId = {1610.05628}
}

@article{Herrera1997a,
    title = {{Local anisotropy in self-gravitating systems}},
    year = {1997},
    journal = {Physics Reports},
    author = {Herrera, L},
    number = {2},
    pages = {53--130},
    volume = {286},
    doi = {10.1016/S0370-1573(96)00042-7},
    issn = {03701573}
}

@article{Ozel2016,
    title = {{Masses, Radii, and the Equation of State of Neutron Stars}},
    year = {2016},
    journal = {Annual Review of Astronomy and Astrophysics},
    author = {{\"{O}}zel, Feryal and Freire, Paulo},
    number = {1},
    pages = {401--440},
    volume = {54},
    url = {http://www.annualreviews.org/doi/10.1146/annurev-astro-081915-023322},
    isbn = {1545-1593 (Electronic) 0066-426X (Linking)},
    doi = {10.1146/annurev-astro-081915-023322},
    issn = {0066-4146},
    pmid = {26980309},
    arxivId = {1603.02698},
    keywords = {dense matter, neutron stars, pulsar timing, pulsars, x-ray sources}
}

@article{Bondi1964a,
    title = {{Massive Spheres in General Relativity}},
    year = {1964},
    journal = {Proceedings of the Royal Society of London. Series A, Mathematical and Physical Sciences},
    author = {Bondi, H},
    number = {1390},
    pages = {303--317},
    volume = {282},
    doi = {10.1098/rspa.1964.0234},
    issn = {1364-5021}
}

@article{Kim2016,
    title = {{Matter Equation of State in General Relativity}},
    year = {2016},
    author = {Kim, Hyeong-Chan and Ji, Chueng-Ryong},
    pages = {1--12},
    url = {http://arxiv.org/abs/1611.00452%0Ahttp://dx.doi.org/10.1103/PhysRevD.95.084045},
    doi = {10.1103/PhysRevD.95.084045},
    arxivId = {1611.00452},
    keywords = {equation of state, general relativity, ideal gas, unruh temperature}
}

@article{Vivanco2019,
    title = {{Measuring the neutron star equation of state with gravitational waves: the first forty binary neutron star mergers}},
    year = {2019},
    author = {Vivanco, Francisco Hernandez and Smith, Rory and Thrane, Eric and Lasky, Paul D. and Talbot, Colm and Raymond, Vivien},
    number = {2},
    pages = {1--8},
    url = {http://arxiv.org/abs/1909.02698},
    arxivId = {1909.02698}
}

@article{Lombardo2004,
    title = {{Microscopic nuclear equation of state with three-body forces and neutron star structure}},
    year = {2004},
    journal = {AIP Conference Proceedings},
    author = {Lombardo, U. and Burgio, G. F. and Schulze, H. J. and Zuo, W. and Zhou, X. R.},
    pages = {473--482},
    volume = {704},
    isbn = {0735401772},
    doi = {10.1063/1.1737143},
    issn = {15517616},
    arxivId = {arXiv:astro-ph/9707277v1},
    archivePrefix = {arXiv},
    eprint = {9707277v1},
    primaryClass = {astro-ph},
    keywords = {three-body forces-equation of state-neutron}
}

@article{Zavlin2002,
    title = {{Modeling Neutron Star Atmospheres}},
    year = {2002},
    journal = {Proceedings of the 270. WE-Heraeus Seminar on Neutron Stars},
    author = {Zavlin, V E and Pavlov, G G},
    month = {6},
    pages = {263},
    url = {http://adsabs.harvard.edu/cgi-bin/nph-data_query?bibcode=2002nsps.conf..263Z&link_type=ABSTRACT%0Apapers3://publication/uuid/11C24210-A9D4-4EDD-A498-0EC44A55F842 http://arxiv.org/abs/astro-ph/0206025},
    arxivId = {astro-ph/0206025}
}

@article{Viaggiu2008,
    title = {{Modeling usual and unusual anisotropic spheres}},
    year = {2008},
    author = {Viaggiu, Stefano},
    month = {10},
    pages = {1--16},
    url = {http://arxiv.org/abs/0810.2209 http://dx.doi.org/10.1142/S021827180901442X},
    doi = {10.1142/S021827180901442X},
    arxivId = {0810.2209},
    keywords = {anisotropic spheres, boson, florides solution, tolman solution}
}

@article{Nojiri2017,
    title = {{Modified gravity theories on a nutshell: Inflation, bounce and late-time evolution}},
    year = {2017},
    journal = {Physics Reports},
    author = {Nojiri, S. and Odintsov, S. D. and Oikonomou, V. K.},
    pages = {1--104},
    volume = {692},
    doi = {10.1016/j.physrep.2017.06.001},
    issn = {03701573},
    arxivId = {arXiv:1705.11098v2}
}

@article{Servillat2012,
    title = {{Neutron star atmosphere composition: the quiescent, low-mass X-ray binary in the globular cluster M28}},
    year = {2012},
    journal = {Monthly Notices of the Royal Astronomical Society},
    author = {Servillat, Mathieu and Heinke, C. O. and Ho, W. C. G. and Grindlay, J. E. and Hong, J. and Berg, M. van den and Bogdanov, S.},
    number = {2},
    month = {3},
    pages = {1556--1561},
    volume = {423},
    url = {http://arxiv.org/abs/1203.5807 http://dx.doi.org/10.1111/j.1365-2966.2012.20976.x},
    doi = {10.1111/j.1365-2966.2012.20976.x},
    issn = {00358711},
    arxivId = {1203.5807},
    keywords = {Equation of state, Globular clusters: individual: M28, Globular clusters: individual: NGC 6626, Stars: neutron, X-rays: binaries, X-rays: individual: CXOGlb J182432.8-245208}
}

@article{Yakovlev2004,
    title = {{Neutron Star Cooling}},
    year = {2004},
    journal = {Annual Review of Astronomy and Astrophysics},
    author = {Yakovlev, D G and Pethick, C J},
    number = {1},
    month = {2},
    pages = {169--210},
    volume = {42},
    url = {http://arxiv.org/abs/astro-ph/0402143 http://dx.doi.org/10.1146/annurev.astro.42.053102.134013},
    doi = {10.1146/annurev.astro.42.053102.134013},
    arxivId = {astro-ph/0402143}
}

@article{Belvedere2012,
    title = {{Neutron star equilibrium configurations within a fully relativistic theory with strong, weak, electromagnetic, and gravitational interactions}},
    year = {2012},
    journal = {Nuclear Physics A},
    author = {Belvedere, Riccardo and Pugliese, Daniela and Rueda, Jorge A. and Ruffini, Remo and Xue, She-Sheng},
    month = {2},
    pages = {1--24},
    volume = {883},
    url = {http://arxiv.org/abs/1202.6500 http://dx.doi.org/10.1016/j.nuclphysa.2012.02.018},
    doi = {10.1016/j.nuclphysa.2012.02.018},
    issn = {03759474},
    arxivId = {1202.6500},
    keywords = {General relativity, Neutron stars, Nuclear matter equation of state}
}

@article{Negele1973,
    title = {{Neutron star matter at sub-nuclear densities}},
    year = {1973},
    journal = {Nuclear Physics, Section A},
    author = {Negele, J. W. and Vautherin, D.},
    number = {2},
    pages = {298--320},
    volume = {207},
    doi = {10.1016/0375-9474(73)90349-7},
    issn = {03759474}
}

@article{Thielemann2017,
    title = {{Neutron Star Mergers and Nucleosynthesis of Heavy Elements}},
    year = {2017},
    journal = {Annual Review of Nuclear and Particle Science},
    author = {Thielemann, F.-K. and Eichler, M. and Panov, I.V. and Wehmeyer, B.},
    number = {1},
    month = {10},
    pages = {253--274},
    volume = {67},
    url = {http://www.annualreviews.org/doi/10.1146/annurev-nucl-101916-123246},
    doi = {10.1146/annurev-nucl-101916-123246},
    issn = {0163-8998},
    keywords = {chemical evolution of galaxies, compact binary, from stability, neutron star mergers, nuclear properties far, r-process}
}

@article{Chanmugam1971,
    title = {{Neutron Star Models and Pulsars}},
    year = {1971},
    journal = {Astronomy {\&} Astrophysics},
    author = {Chanmugam, G and Gabriel, M},
    pages = {374--379},
    volume = {13},
    doi = {10.1192/bjp.112.483.211-a},
    issn = {0007-1250},
    keywords = {behaviour therapy, clinical psychology, psychology}
}

@article{Lattimer2007,
    title = {{Neutron star observations: Prognosis for equation of state constraints}},
    year = {2007},
    journal = {Physics Reports},
    author = {Lattimer, James M. and Prakash, Madappa},
    number = {1-6},
    pages = {109--165},
    volume = {442},
    isbn = {0370-1573},
    doi = {10.1016/j.physrep.2007.02.003},
    issn = {03701573},
    arxivId = {astro-ph/0612440},
    keywords = {Equation of state of dense matter, Neutron stars, Observations, Structure}
}

@article{Fortin2016,
    title = {{Neutron star radii and crusts: Uncertainties and unified equations of state}},
    year = {2016},
    journal = {Physical Review C},
    author = {Fortin, M. and Provid{\^{e}}ncia, C. and Raduta, Ad R. and Gulminelli, F. and Zdunik, J. L. and Haensel, P. and Bejger, M.},
    number = {3},
    pages = {1--21},
    volume = {94},
    isbn = {978-989-8425-40-9},
    doi = {10.1103/PhysRevC.94.035804},
    issn = {24699993},
    arxivId = {1604.01944}
}

@article{Lattimer2000,
    title = {{Neutron Star Structure and the Equation of State}},
    year = {2000},
    author = {Lattimer, J. M. and Prakash, M.},
    url = {http://arxiv.org/abs/astro-ph/0002232%0Ahttp://dx.doi.org/10.1086/319702},
    isbn = {0370-1573},
    doi = {10.1086/319702},
    issn = {0004-637X},
    pmid = {15105490},
    arxivId = {astro-ph/0002232}
}

@book{Haensel2007,
    title = {{Neutron Stars 1}},
    year = {2007},
    author = {Haensel, Pawel and Potekhin, Alexander Y. and Yakovlev, D G},
    editor = {Haensel, P. and Potekhin, A. Y. and Yakovlev, D. G.},
    series = {Astrophysics and Space Science Library},
    volume = {326},
    publisher = {Springer New York},
    url = {http://link.springer.com/10.1007/978-0-387-47301-7},
    address = {New York, NY},
    isbn = {978-0-387-33543-8},
    doi = {10.1007/978-0-387-47301-7}
}

@book{Becker2009,
    title = {{Neutron Stars and Pulsars}},
    year = {2009},
    editor = {Becker, Werner},
    series = {Astrophysics and Space Science Library},
    volume = {357},
    publisher = {Springer Berlin Heidelberg},
    url = {http://link.springer.com/10.1007/978-3-540-76965-1},
    address = {Berlin, Heidelberg},
    isbn = {978-3-540-76964-4},
    doi = {10.1007/978-3-540-76965-1}
}

@article{Glendenning1985,
    title = {{Neutron Stars are Giant Hypernuclei?}},
    year = {1985},
    journal = {Astrophysical Journal},
    author = {Glendenning, Norman},
    pages = {470--493},
    volume = {293}
}

@article{Silbar2003,
    title = {{Neutron Stars for Undergraduates}},
    year = {2003},
    author = {Silbar, Richard R. and Reddy, Sanjay},
    number = {2004},
    pages = {892--905},
    volume = {892},
    url = {http://arxiv.org/abs/nucl-th/0309041%0Ahttp://dx.doi.org/10.1119/1.1703544},
    isbn = {0002-9505},
    doi = {10.1119/1.1703544},
    issn = {0002-9505},
    arxivId = {nucl-th/0309041}
}

@misc{Kokkotas2017,
    title = {{Neutron Stars: Structure {\&} Equation of State}},
    year = {2017},
    author = {Kokkotas, Kostas}
}

@article{Lalazissis1997,
    title = {{New parametrization for the Lagrangian density of relativistic mean field theory}},
    year = {1997},
    journal = {Physical Review C - Nuclear Physics},
    author = {Lalazissis, G. A. and K{\"{o}}nig, J. and Ring, P.},
    number = {1},
    pages = {540--543},
    volume = {55},
    doi = {10.1103/PhysRevC.55.540},
    issn = {1089490X}
}

@article{Sergi2003,
    title = {{Non-Hamiltonian equilibrium statistical mechanics}},
    year = {2003},
    journal = {Physical Review E - Statistical Physics, Plasmas, Fluids, and Related Interdisciplinary Topics},
    author = {Sergi, Alessandro},
    number = {2},
    pages = {7},
    volume = {67},
    isbn = {1063-651X},
    doi = {10.1103/PhysRevE.67.021101},
    issn = {1063651X},
    pmid = {12636647}
}

@article{Hernandez1999,
    title = {{Non-local equation of state in general relativistic radiating spheres}},
    year = {1999},
    journal = {Classical and Quantum Gravity},
    author = {Hern{\'{a}}ndez, H. and N{\'{u}}{\~{n}}ez, L. A. and Percoco, U.},
    number = {3},
    pages = {871--896},
    volume = {16},
    doi = {10.1088/0264-9381/16/3/017},
    issn = {02649381},
    arxivId = {arXiv:gr-qc/9806029v1},
    archivePrefix = {arXiv},
    eprint = {9806029v1},
    primaryClass = {gr-qc}
}

@article{Thorne1968,
    title = {{Non-Radial Pulsation of General-Relativistivc Stellar Models. I. Analytic Analysis for L â‰¥ 2}},
    year = {1968},
    journal = {The Astrophysical Journal},
    author = {Thorne, Kip S. and Campolattaro, Alfonso},
    number = {September},
    pages = {673},
    volume = {152},
    doi = {10.1086/149586},
    issn = {0004-637X}
}

@article{Hernandez2001,
    title = {{Nonlocal Equation of State in Anisotropic Static Fluid Spheres in General Relativity}},
    year = {2001},
    author = {Hernandez, H. and Nunez, L. A.},
    number = {March},
    url = {http://arxiv.org/abs/gr-qc/0107025%0Ahttp://dx.doi.org/10.1139/p03-124},
    doi = {10.1139/p03-124},
    arxivId = {gr-qc/0107025}
}

@article{Israel+1976,
    title = {{Nonstationary Irreversible Thermodynamics: A Causal Relativistic Theory*}},
    year = {1976},
    journal = {ANNALSOFPl-NSICS},
    author = {Israel+, Werner},
    pages = {310--331},
    volume = {100}
}

@article{Pal2003,
    title = {{Nothing but Relativity}},
    year = {2003},
    journal = {European Journal of Physics},
    author = {Pal, Palash B.},
    number = {6},
    month = {2},
    pages = {1145--1150},
    volume = {28},
    url = {http://arxiv.org/abs/physics/0302045 http://dx.doi.org/10.1088/0143-0807/24/3/312},
    doi = {10.1088/0143-0807/24/3/312},
    issn = {01430807},
    arxivId = {physics/0302045}
}

@article{Blaizot1980,
    title = {{Nuclear compressibilities}},
    year = {1980},
    journal = {Physics Reports},
    author = {Blaizot, J. P.},
    number = {4},
    pages = {171--248},
    volume = {64},
    isbn = {0370-1573},
    doi = {10.1016/0370-1573(80)90001-0},
    issn = {03701573}
}

@article{Yeunhwan2016,
    title = {{Nuclear Equation of State and the Structure of Neutron Stars}},
    year = {2016},
    author = {Yeunhwan, Lim and Taehyun, Kim and Yongseok, Oh}
}

@article{Torres-Vega1991,
    title = {{Numerical method for the propagation of quantum-mechanical wave functions in phase space}},
    year = {1991},
    journal = {Physical Review Letters},
    author = {Torres-Vega, Go and Frederick, John H.},
    number = {19},
    pages = {2601--2604},
    volume = {67},
    doi = {10.1103/PhysRevLett.67.2601},
    issn = {00319007}
}

@article{Berti2016,
    title = {{Numerical relativity and high energy physics: Recent developments}},
    year = {2016},
    journal = {International Journal of Modern Physics D},
    author = {Berti, Emanuele and Cardoso, Vitor and Crispino, Luis C. B. and Gualtieri, Leonardo and Herdeiro, Carlos and Sperhake, Ulrich},
    number = {09},
    pages = {1641022},
    volume = {25},
    url = {http://www.worldscientific.com/doi/abs/10.1142/S0218271816410224},
    isbn = {0218271816},
    doi = {10.1142/S0218271816410224},
    issn = {0218-2718},
    arxivId = {1603.06146}
}

@article{Hewish1968,
    title = {{Observation of a Rapidly Pulsating Radio Source}},
    year = {1968},
    journal = {Nature},
    author = {Hewish, A. and Bell, S. J. and Pilkington, J. D. H. and Scott, P. F. and Collins, R. A.},
    pages = {709 - 713},
    volume = {217}
}

@article{Lackey2006,
    title = {{Observational constraints on hyperons in neutron stars}},
    year = {2006},
    journal = {Physical Review D - Particles, Fields, Gravitation and Cosmology},
    author = {Lackey, Benjamin D. and Nayyar, Mohit and Owen, Benjamin J.},
    number = {2},
    pages = {1--8},
    volume = {73},
    doi = {10.1103/PhysRevD.73.024021},
    issn = {15502368}
}

@article{HernandezWalterC.1966,
    title = {{Observer Time as a Coordinate in Relativistic Spherical Hydrodynamics}},
    year = {1966},
    journal = {The Astrophysical Journal},
    author = {Hernandez, Walter C., Jr. and Misner, Charles W.},
    number = {04},
    month = {2},
    pages = {452},
    volume = {143},
    url = {http://www.journals.cambridge.org/abstract_S0003055400080564 http://adsabs.harvard.edu/doi/10.1086/148525},
    isbn = {0138145253},
    doi = {10.1086/148525},
    issn = {0004-637X}
}

@article{Oppenheimer1939,
    title = {{On Massive Neutron Cores}},
    year = {1939},
    journal = {Physical Review},
    author = {Oppenheimer, J. R. and Volkoff, G. M.},
    number = {4},
    month = {2},
    pages = {374--381},
    volume = {55},
    url = {https://link.aps.org/doi/10.1103/PhysRev.55.374},
    doi = {10.1103/PhysRev.55.374},
    issn = {0031-899X},
    pmid = {9950588}
}

@article{Estevez-Delgado2018,
    title = {{On the effect of anisotropy on stellar models}},
    year = {2018},
    journal = {The European Physical Journal C},
    author = {Estevez-Delgado, Gabino and Estevez-Delgado, Joaquin},
    number = {8},
    month = {8},
    pages = {673},
    volume = {78},
    publisher = {Springer Berlin Heidelberg},
    url = {https://doi.org/10.1140/epjc/s10052-018-6151-z http://link.springer.com/10.1140/epjc/s10052-018-6151-z},
    doi = {10.1140/epjc/s10052-018-6151-z},
    issn = {1434-6044}
}

@article{Tolman1930,
    title = {{On the use of the entropy principle in general relativity}},
    year = {1930},
    journal = {Physical Review},
    author = {Tolman, Richard C.},
    number = {8},
    pages = {896--903},
    volume = {35},
    doi = {10.1103/PhysRev.35.896},
    issn = {0031899X}
}

@article{Schneider2017,
    title = {{Open-source nuclear equation of state framework based on the liquid-drop model with Skyrme interaction}},
    year = {2017},
    journal = {Physical Review C},
    author = {Schneider, A. S. and Roberts, L. F. and Ott, C. D.},
    number = {6},
    pages = {1--30},
    volume = {96},
    doi = {10.1103/PhysRevC.96.065802},
    issn = {24699993},
    arxivId = {1707.01527}
}

@article{Kasen2017,
    title = {{Origin of the heavy elements in binary neutron-star mergers from a gravitational-wave event}},
    year = {2017},
    journal = {Nature},
    author = {Kasen, Daniel and Metzger, Brian and Barnes, Jennifer and Quataert, Eliot and Ramirez-Ruiz, Enrico},
    number = {7678},
    pages = {80--84},
    volume = {551},
    publisher = {Nature Publishing Group},
    url = {http://dx.doi.org/10.1038/nature24453},
    doi = {10.1038/nature24453},
    issn = {14764687},
    arxivId = {1710.05463}
}

@article{Delgaty1998,
    title = {{Physical acceptability of isolated, static, spherically symmetric, perfect fluid solutions of Einstein's equations}},
    year = {1998},
    journal = {Computer Physics Communications},
    author = {Delgaty, M.S.R. and Lake, Kayll},
    number = {2-3},
    month = {12},
    pages = {395--415},
    volume = {115},
    url = {http://linkinghub.elsevier.com/retrieve/pii/S0010465598001301},
    doi = {10.1016/S0010-4655(98)00130-1},
    issn = {00104655},
    keywords = {Computer algebra, Einstein's equations, Perfect fluids, Tensors}
}

@article{Chamel2008,
    title = {{Physics of Neutron Star Crusts}},
    year = {2008},
    journal = {Living Reviews in Relativity},
    author = {Chamel, Nicolas and Haensel, Pawel},
    number = {1},
    month = {12},
    pages = {10},
    volume = {11},
    url = {http://arxiv.org/abs/0812.3955},
    doi = {10.12942/lrr-2008-10},
    issn = {1433-8351},
    arxivId = {0812.3955},
    keywords = {astrophysics, magnetars, neutron stars, pulsars, s}
}

@misc{Mao,
    title = {{Physics of Stellar Structure (and Evolution)}},
    author = {Mao, Shude},
    url = {http://www.jb.man.ac.uk/~smao/star.html}
}

@article{Haensel1982,
    title = {{Pion condensation in cold dense matter and neutron stars}},
    year = {1982},
    journal = {The Astrophysical Journal},
    author = {Haensel, Pawel and Proszynski, M.},
    month = {7},
    pages = {306},
    volume = {258},
    url = {http://adsabs.harvard.edu/doi/10.1086/160080},
    doi = {10.1086/160080},
    issn = {0004-637X}
}

@article{Masood-Ul-Alam2007,
    title = {{Proof that static stellar models are spherical}},
    year = {2007},
    journal = {General Relativity and Gravitation},
    author = {Masood-Ul-Alam, A. K.M.},
    number = {1},
    pages = {55--85},
    volume = {39},
    doi = {10.1007/s10714-006-0364-4},
    issn = {00017701},
    keywords = {Positive mass theorem, Static stars, Symmetry of solutions of PDE}
}

@article{Prakash1995,
    title = {{Quark-hadron phase transition in protoneutron stars}},
    year = {1995},
    author = {Prakash, M and Cook, J.R. and Lattimer, James M.},
    number = {2},
    pages = {661--665},
    volume = {52}
}

@article{Becerra2013a,
    title = {{Quasi-static thermal evolution of compact objects}},
    year = {2013},
    journal = {Canadian Journal of Physics},
    author = {Becerra, L. and Hernandez, H. and Nunez, L. A.},
    number = {8},
    month = {8},
    pages = {1--28},
    volume = {93},
    url = {http://arxiv.org/abs/1308.3077},
    doi = {10.1139/cjp-2014-0645},
    issn = {00084204},
    arxivId = {1308.3077}
}

@article{Buchdahl1979,
    title = {{Regular General Relativistic Charged Fluid Spheres}},
    year = {1979},
    journal = {Acta Physica Polonica},
    author = {Buchdahl, H. A.},
    number = {22},
    pages = {673--685},
    volume = {11}
}

@article{Herrera2002,
    title = {{Relativistic gravitational collapse in noncomoving coordinates: The post-quasistatic approximation}},
    year = {2002},
    journal = {Physical Review D - Particles, Fields, Gravitation and Cosmology},
    author = {Herrera, L. and Barreto, W. and Di Prisco, A. and Santos, N. O.},
    number = {10},
    pages = {15},
    volume = {65},
    doi = {10.1103/PhysRevD.65.104004},
    issn = {15502368},
    arxivId = {arXiv:gr-qc/0202051v1},
    archivePrefix = {arXiv},
    eprint = {0202051v1},
    primaryClass = {gr-qc}
}

@article{Ring1996,
    title = {{Relativistic mean field theory in finite nuclei}},
    year = {1996},
    journal = {Progress in Particle and Nuclear Physics},
    author = {Ring, P.},
    pages = {193--263},
    volume = {37},
    url = {http://linkinghub.elsevier.com/retrieve/pii/0146641096000543},
    isbn = {0146-6410},
    doi = {10.1016/0146-6410(96)00054-3},
    issn = {01466410}
}

@article{Muller1996,
    title = {{Relativistic mean-field theory and the high-density nuclear equation of state}},
    year = {1996},
    journal = {Nuclear Physics A},
    author = {M{\"{u}}ller, Horst and Serot, Brian D.},
    number = {3-4},
    pages = {508--537},
    volume = {606},
    doi = {10.1016/0375-9474(96)00187-X},
    issn = {03759474},
    arxivId = {arXiv:nucl-th/9603037v1},
    archivePrefix = {arXiv},
    eprint = {9603037v1},
    primaryClass = {nucl-th}
}

@book{Felice19992,
    title = {{Relativity on Curved Manifolds}},
    year = {1992},
    author = {de Felice, F and Clarke, C.J.S.},
    pages = {464},
    publisher = {Cambridge University Press},
    isbn = {9780521429085}
}

@article{Netzer2015,
    title = {{Revisiting the Unified Model of Active Galactic Nuclei}},
    year = {2015},
    author = {Netzer, Hagai},
    number = {June},
    pages = {365--408},
    url = {http://arxiv.org/abs/1505.00811%0Ahttp://dx.doi.org/10.1146/annurev-astro-082214-122302},
    doi = {10.1146/annurev-astro-082214-122302},
    issn = {0066-4146},
    arxivId = {1505.00811},
    keywords = {accretion disks, active galaxies, agn surveys, black holes, central torus, formation, interferometry, mergers, star, unification}
}

@article{Haensel2016,
    title = {{Rotating neutron stars with exotic cores: masses, radii, stability}},
    year = {2016},
    journal = {European Physical Journal A},
    author = {Haensel, P. and Bejger, M. and Fortin, M. and Zdunik, L.},
    number = {3},
    volume = {52},
    isbn = {2016160594},
    doi = {10.1140/epja/i2016-16059-4},
    issn = {1434601X},
    arxivId = {1601.05368}
}

@article{Paschalidis2017,
    title = {{Rotating stars in relativity}},
    year = {2017},
    journal = {Living Reviews in Relativity},
    author = {Paschalidis, Vasileios and Stergioulas, Nikolaos},
    number = {1},
    volume = {20},
    publisher = {Springer International Publishing},
    url = {https://doi.org/10.1007/s41114-017-0008-x},
    doi = {10.1007/s41114-017-0008-x},
    issn = {14338351},
    arxivId = {1612.03050},
    keywords = {Magnetic fields, Numerical relativity, Oscillations, Relativistic stars, Rotation, Stability}
}

@article{Unknwon,
    title = {{Scales in Natural and SI units to remember}},
    journal = {Web},
    author = {{unknwon}},
    number = {c},
    pages = {1--2}
}

@article{Langtangen2016,
    title = {{Scaling of Differential Equations}},
    year = {2016},
    journal = {Scaling of Differential Equations},
    author = {Langtangen, Hans Petter and Pedersen, Geir K.},
    doi = {10.1007/978-3-319-32726-6}
}

@article{LeDelliou2013,
    title = {{Separating expansion and collapse in general fluid models with heat flux}},
    year = {2013},
    journal = {Physical Review D - Particles, Fields, Gravitation and Cosmology},
    author = {Le Delliou, Morgan and Mimoso, JosÃ© P. and Mena, Filipe C. and Fontanini, Michele and Guariento, Daniel C. and Abdalla, Elcio},
    number = {2},
    pages = {1--5},
    volume = {88},
    doi = {10.1103/PhysRevD.88.027301},
    issn = {15507998},
    arxivId = {1305.3475}
}

@article{Silva2014,
    title = {{Slowly Rotating Anisotropic Neutron Stars in General Relativity and Scalar-Tensor Theory}},
    year = {2014},
    author = {Silva, Hector O. and Macedo, Caio F. B. and Berti, Emanuele and Crispino, LuÃ­s C. B.},
    pages = {1--19},
    url = {http://arxiv.org/abs/1411.6286},
    arxivId = {1411.6286}
}

@article{Bohmer2015,
    title = {{Slowly rotating perfect fluids with a cosmological constant}},
    year = {2015},
    journal = {General Relativity and Gravitation},
    author = {B{\"{o}}hmer, Christian G. and Wright, Matthew},
    number = {12},
    pages = {1--21},
    volume = {47},
    doi = {10.1007/s10714-015-1982-5},
    issn = {15729532},
    arxivId = {arXiv:1411.5486v1},
    keywords = {Cosmological constant, Hartle???s formalism, Slow rotation}
}

@article{Hartle1967,
    title = {{Slowly Rotating Relativistic Stars I. Equations of Structure}},
    year = {1967},
    journal = {The Astrophysical Journal},
    author = {Hartle, James B.},
    pages = {1005},
    volume = {150}
}

@article{Hartle1968,
    title = {{Slowly Rotating Relativistic Stars. II. Models for Neutron Stars and Supermassive Stars}},
    year = {1968},
    journal = {Astrophysical Journal},
    author = {Hartle, James B. and Thorne, Kip S.},
    number = {September},
    pages = {p.807},
    volume = {153}
}

@article{Foucart2019,
    title = {{Smooth equations of state for high-accuracy simulations of neutron star binaries}},
    year = {2019},
    author = {Foucart, Francois and Duez, Matthew D. and Gudinas, Alana and Hebert, Francois and Kidder, Lawrence E. and Pfeiffer, Harald P. and Scheel, Mark A.},
    month = {8},
    pages = {1--13},
    url = {http://arxiv.org/abs/1908.05277},
    arxivId = {1908.05277}
}

@techreport{Ramosa,
    title = {{Soluciones esf{\'{e}}ricas para estrellas}},
    author = {Ramos, David}
}

@article{Feit1982,
    title = {{Solution of the Schroedinger equation by a spectral method}},
    year = {1982},
    journal = {Journal of Computational Physics},
    author = {Feit, M. D. and Fleck, J. A. and Steiger, A.},
    number = {3},
    pages = {412--433},
    volume = {47},
    isbn = {0021-9991},
    doi = {10.1016/0021-9991(82)90091-2},
    issn = {10902716}
}

@book{Carroll2003,
    title = {{Spacetime and Geometry: An Introduction to General Relativity}},
    year = {2003},
    author = {Carroll, Sean M.},
    publisher = {Pearson},
    isbn = {9781108488396}
}

@article{Kassner2012,
    title = {{Spatial geometry of the rotating disk and its non-rotating counterpart}},
    year = {2012},
    journal = {American Journal of Physics},
    author = {Kassner, Klaus},
    number = {9},
    pages = {772--781},
    volume = {80},
    url = {http://aapt.scitation.org/doi/10.1119/1.4730925},
    doi = {10.1119/1.4730925},
    issn = {0002-9505},
    arxivId = {1109.2488}
}

@article{Herrera2004,
    title = {{Spherically symmetric dissipative anisotropic fluids: A general study}},
    year = {2004},
    journal = {Physical Review D - Particles, Fields, Gravitation and Cosmology},
    author = {Herrera, L. and Prisco, A. and Martin, J. and Ospino, J. and Santos, N. O. and Troconis, O.},
    number = {8},
    pages = {12},
    volume = {69},
    doi = {10.1103/PhysRevD.69.084026},
    issn = {15502368},
    arxivId = {gr-qc/0403006}
}

@article{Mimoso2011,
    title = {{Spherically symmetric models: Separating expansion from contraction in models with anisotropic pressures}},
    year = {2011},
    journal = {AIP Conference Proceedings},
    author = {Mimoso, JosÃ© P. and Le Delliou, Morgan and Mena, Filipe C.},
    pages = {487--490},
    volume = {1458},
    isbn = {9780735410602},
    doi = {10.1063/1.4734466},
    issn = {0094243X},
    arxivId = {1302.6186},
    keywords = {Expanding Universe, Lema{\^{i}}tre-Tolman-Bondi, Spherical Collapse, Structure Formation}
}

@article{Akmal1997,
    title = {{Spin-isospin structure and pion condensation in nucleon matter}},
    year = {1997},
    journal = {Physical Review C - Nuclear Physics},
    author = {Akmal, A. and Pandharipande, V. R.},
    number = {4},
    pages = {2261--2279},
    volume = {56},
    doi = {10.1103/PhysRevC.56.2261},
    issn = {1089490X}
}

@article{Hermann1988,
    title = {{Split-operator spectral method for solving the time-dependent Schrodinger equation in spherical coordinates}},
    year = {1988},
    journal = {Physical Review A},
    author = {Hermann, Mark R. and Fleck, J. A.},
    number = {12},
    pages = {6000--6012},
    volume = {38},
    doi = {10.1103/PhysRevA.38.6000},
    issn = {10502947},
    pmid = {9900354}
}

@article{Dattoli1995,
    title = {{Split-operator technique and solution of Liouville propagation equations}},
    year = {1995},
    journal = {Physical Review E - Statistical Physics, Plasmas, Fluids, and Related Interdisciplinary Topics},
    author = {Dattoli, G. and Gianessi, L. and Ottaviani, P. L. and Torre, A.}
}

@article{Friedman2011,
    title = {{Stability of relativistic stars}},
    year = {2011},
    journal = {Bulletin of the Astronomical Society of India},
    author = {Friedman, John L. and Stergioulas, Nikolaos},
    number = {1},
    pages = {21--48},
    volume = {39},
    isbn = {9814374768},
    doi = {10.1007/BF02702304},
    issn = {03049523},
    keywords = {Instabilities, Stars:general, Stars:neutron, Stars:rotation}
}

@article{Balian1999,
    title = {{Stars and statistical physics: a teaching experience}},
    year = {1999},
    author = {Balian, R. and Blaizot, J. -P.},
    url = {http://arxiv.org/abs/cond-mat/9909291%0Ahttp://dx.doi.org/10.1119/1.19105},
    doi = {10.1119/1.19105},
    issn = {00029505},
    arxivId = {cond-mat/9909291}
}

@article{Tolman1939,
    title = {{Static Solutions of Einstein's Field Equations for Spheres of Fluid}},
    year = {1939},
    journal = {Physical Review},
    author = {Tolman, Richard C},
    number = {4},
    month = {2},
    pages = {364--373},
    volume = {55},
    url = {https://link.aps.org/doi/10.1103/PhysRev.55.364},
    doi = {10.1103/PhysRev.55.364},
    issn = {0031-899X}
}

@article{Tarasov2005,
    title = {{Stationary solutions of Liouville equations for non-Hamiltonian systems}},
    year = {2005},
    journal = {Annals of Physics},
    author = {Tarasov, Vasily E.},
    number = {2},
    pages = {393--413},
    volume = {316},
    doi = {10.1016/j.aop.2004.11.001},
    issn = {00034916},
    arxivId = {cond-mat/0602409},
    keywords = {Canonical distribution, Liouville equation, Non-Hamiltonian systems}
}

@article{Alexander2017,
    title = {{Stellar Dynamics and Stellar Phenomena Near a Massive Black Hole}},
    year = {2017},
    journal = {Annual Review of Astronomy and Astrophysics},
    author = {Alexander, Tal},
    number = {1},
    pages = {17--57},
    volume = {55},
    url = {http://www.annualreviews.org/doi/10.1146/annurev-astro-091916-055306},
    isbn = {1545-1593 (Electronic){\textbackslash}r0066-426X (Linking)},
    doi = {10.1146/annurev-astro-091916-055306},
    issn = {0066-4146},
    pmid = {26980309},
    arxivId = {1507.05135},
    keywords = {55gravitational, galactic center, galactic dynamics, stellar kinematics, tidal disruption, waves}
}

@article{Weber2012,
    title = {{Structure of quark stars}},
    year = {2012},
    journal = {Proceedings of the International Astronomical Union},
    author = {Weber, Fridolin and Orsaria, Milva and Rodrigues, Hilario and Yang, Shu Hua},
    number = {S291},
    pages = {61--66},
    volume = {8},
    isbn = {9781107033801},
    doi = {10.1017/S1743921312023174},
    issn = {17439213},
    pmid = {16316131},
    arxivId = {1210.1910},
    keywords = {equation of state, neutron stars, pulsars, quark stars, strange quark matter}
}

@article{Collins1975,
    title = {{Superdense Matter : Neutrons or Asymptotically Free Quarks ?}},
    year = {1975},
    journal = {Physical Review Letters},
    author = {Collins, J C and Perry, M J},
    number = {21},
    pages = {1353--1356},
    volume = {34}
}

@article{Baldo2005,
    title = {{Superfluidity in nuclear and neutron matter}},
    year = {2005},
    journal = {Nuclear Physics A},
    author = {Baldo, M. and Saperstein, E.E. and Tolokonnikov, S.V.},
    number = {1-4 SUPPL.},
    month = {3},
    pages = {42--52},
    volume = {749},
    url = {http://linkinghub.elsevier.com/retrieve/pii/S0375947404012114},
    doi = {10.1016/j.nuclphysa.2004.12.007},
    issn = {03759474}
}

@article{Rueda2014,
    title = {{Surface tension of the core-crust interface of neutron stars with global charge neutrality}},
    year = {2014},
    journal = {Physical Review C - Nuclear Physics},
    author = {Rueda, Jorge A. and Ruffini, Remo and Wu, Yuan Bin and Xue, She Sheng},
    number = {3},
    pages = {1--11},
    volume = {89},
    doi = {10.1103/PhysRevC.89.035804},
    issn = {1089490X},
    arxivId = {1305.1974}
}

@article{Dattoli1996,
    title = {{Symmetric-split-operator techniques and finite-difference methods for the solution of classical and quantum evolution problems}},
    year = {1996},
    journal = {Nuovo Cimento della Societa Italiana di Fisica B},
    author = {Dattoli, G. and Ottaviani, P. L. and Segreto, A. and Torre, A.},
    number = {7},
    pages = {825--839},
    volume = {111},
    doi = {10.1007/BF02749014},
    issn = {03693554}
}

@article{Merafina1989,
    title = {{Systems of selfgravitating classical particles with a cutoff in their distribution function}},
    year = {1989},
    journal = {Astronomy {\&} Astrophysics},
    author = {Merafina, M and Ruffini, R},
    number = {1},
    pages = {4--19},
    volume = {221}
}

@article{Gourgoulhon2015,
    title = {{Tensor calculus with open-source software: The SageManifolds project}},
    year = {2015},
    journal = {Journal of Physics: Conference Series},
    author = {Gourgoulhon, Eric and Bejger, MichaÅ‚ and Mancini, Marco},
    number = {1},
    volume = {600},
    doi = {10.1088/1742-6596/600/1/012002},
    issn = {17426596},
    arxivId = {1412.4765}
}

@article{Ishak2019,
    title = {{Testing general relativity in cosmology}},
    year = {2019},
    journal = {Living Reviews in Relativity},
    author = {Ishak, Mustapha},
    number = {1},
    month = {12},
    pages = {1},
    volume = {22},
    publisher = {Springer International Publishing},
    url = {https://doi.org/10.1007/s41114-018-0017-4 http://link.springer.com/10.1007/s41114-018-0017-4},
    isbn = {0123456789},
    doi = {10.1007/s41114-018-0017-4},
    issn = {2367-3613},
    keywords = {Cosmological tests, Gravitational waves, Modified gravity, Post-Friedmann limit, Tests of relativistic gravity, Theories of gravity, cosmological tests, gravitational waves, modified gravity, post-friedmann limit, tests of relativistic gravity, theories of gravity}
}

@article{Schneider2019,
    title = {{The APR equation of state for simulations of supernovae, neutron stars and binary mergers}},
    year = {2019},
    author = {Schneider, A. S. and Constantinou, C. and Muccioli, B. and Prakash, M.},
    pages = {1--35},
    url = {http://arxiv.org/abs/1901.09652},
    arxivId = {1901.09652},
    keywords = {21, 26, 50, 60, 65, kp, mn, pacs numbers, potential models, supernova matter, thermal effects, x}
}

@article{Herrera1982,
    title = {{The complexification of a nonrotating sphere: An extension of the Newman--Janis algorithm}},
    year = {1982},
    journal = {Journal of Mathematical Physics},
    author = {Herrera, L and Jim{\'{e}}nez, J},
    number = {1982},
    pages = {2339},
    volume = {23},
    doi = {10.1063/1.525325},
    issn = {00222488}
}

@article{Bondi1964,
    title = {{The Contraction of Gravitating Spheres}},
    year = {1964},
    author = {Bondi, H},
    pages = {39--48},
    doi = {10.1098/rspa.1964.0167}
}

@article{Cowling1966,
    title = {{The Developments of the Theory of Stellar Structure}},
    year = {1966},
    journal = {Quarterly Journal of the Royal Astronomical Society},
    author = {Cowling, T.G.},
    pages = {121--137},
    volume = {7}
}

@article{Chandrasekhar1964a,
    title = {{THE DYNAMICAL INSTABILITY OF GASEOUS MASSES APPROACHING THE SCHWARZSCHILD LIMIT IN GENERAL RELATIVITY}},
    year = {1964},
    journal = {Bulletin of the Japan Institute of Metals},
    author = {Chandrasekhar, Subrahmanyan},
    number = {5},
    pages = {249--258},
    volume = {3},
    url = {http://joi.jlc.jst.go.jp/JST.Journalarchive/materia1962/3.249?from=CrossRef},
    doi = {10.2320/materia1962.3.249},
    issn = {0021-4426}
}

@article{Naoz2016,
    title = {{The Eccentric Kozai-Lidov Effect and Its Applications}},
    year = {2016},
    author = {Naoz, Smadar},
    url = {http://arxiv.org/abs/1601.07175%0Ahttp://dx.doi.org/10.1146/annurev-astro-081915-023315},
    isbn = {0066-4146 1545-4282},
    doi = {10.1146/annurev-astro-081915-023315},
    issn = {0066-4146},
    arxivId = {1601.07175},
    keywords = {binaries, black holes, dynamics, exoplanets, stellar systems, triples}
}

@article{Pimentel2016,
    title = {{The Energy-Momentum Tensor for a Dissipative Fluid in General Relativity}},
    year = {2016},
    author = {Pimentel, Oscar M and Lora-Clavijo, F D and Gonz{\'{a}}lez, Guillermo A},
    url = {https://arxiv.org/pdf/1604.01318.pdf},
    arxivId = {arXiv:1604.01318v2},
    keywords = {()}
}

@article{Lattimer2015,
    title = {{The Equation of State of Hot, Dense Matter and Neutron Stars}},
    year = {2015},
    author = {Lattimer, James M. and Prakash, M.},
    pages = {1--87},
    url = {http://arxiv.org/abs/1512.07820%0Ahttp://dx.doi.org/10.1016/j.physrep.2015.12.005},
    doi = {10.1016/j.physrep.2015.12.005},
    arxivId = {1512.07820},
    keywords = {dense matter, dense matter in equilibrium, dense matter off-equilibrium, equation of state of, heavy-ions, neutron stars, thermal effects}
}

@article{Baym1971,
    title = {{The Ground State of Matter at High Densities: Equation of State and Stellar Models}},
    year = {1971},
    journal = {The Astrophysical Journal},
    author = {Baym, Gordon and Pethick, Christopher and Sutherland, Peter},
    number = {c},
    month = {12},
    pages = {299},
    volume = {170},
    url = {http://www.scopus.com/inward/record.url?eid=2-s2.0-0029460234&partnerID=40&md5=810f1778d2de76a19cc80a6fc7f19cc3 http://adsabs.harvard.edu/doi/10.1086/151216},
    doi = {10.1086/151216},
    issn = {0004-637X}
}

@article{Jackson2015,
    title = {{The Hubble Constant}},
    year = {2015},
    journal = {Living Reviews in Relativity},
    author = {Jackson, Neal},
    number = {1},
    month = {12},
    pages = {2},
    volume = {18},
    url = {http://link.springer.com/10.1007/lrr-2015-2},
    doi = {10.1007/lrr-2015-2},
    issn = {2367-3613},
    keywords = {Cosmology, Hubble constant}
}

@book{Hawking1973,
    title = {{The Large Scale Structure of Spaceâ€“Time}},
    year = {1973},
    author = {Hawking, S. W. and Ellis, G. F. R.},
    publisher = {Cambridge University Press},
    url = {http://ebooks.cambridge.org/ref/id/CBO9780511524646},
    address = {Cambridge},
    isbn = {9780511524646},
    doi = {10.1017/CBO9780511524646}
}

@article{Baez2001,
    title = {{The Meaning of Einstein's Equation}},
    year = {2001},
    author = {Baez, John C and Bunn, Emory F},
    month = {3},
    pages = {1--23},
    url = {http://arxiv.org/abs/gr-qc/0103044 http://dx.doi.org/10.1119/1.1852541},
    doi = {10.1119/1.1852541},
    arxivId = {gr-qc/0103044}
}

@article{Donoghue2016,
    title = {{The Multiverse and Particle Physics}},
    year = {2016},
    author = {Donoghue, John F.},
    number = {February},
    month = {1},
    pages = {1--21},
    url = {http://arxiv.org/abs/1601.05136%0Ahttp://dx.doi.org/10.1146/annurev-nucl-102115-044644 http://arxiv.org/abs/1601.05136 http://dx.doi.org/10.1146/annurev-nucl-102115-044644},
    doi = {10.1146/annurev-nucl-102115-044644},
    arxivId = {1601.05136},
    keywords = {anthropic, fundamental theory, multiverse, particle physics}
}

@article{Alcain2017,
    title = {{The neutrino opacity of neutron rich matter}},
    year = {2017},
    journal = {Nuclear Physics A},
    author = {Alcain, P. N. and Dorso, C. O.},
    pages = {183--199},
    volume = {961},
    publisher = {Elsevier B.V.},
    url = {http://dx.doi.org/10.1016/j.nuclphysa.2017.02.011},
    doi = {10.1016/j.nuclphysa.2017.02.011},
    issn = {03759474},
    keywords = {Neutrino opacity, Neutron rich matter, Nuclear equation of state}
}

@article{Lattimer2013,
    title = {{The Nuclear Equation of State and Neutron Star Masses}},
    year = {2013},
    author = {Lattimer, James M.},
    url = {http://arxiv.org/abs/1305.3510%0Ahttp://dx.doi.org/10.1146/annurev-nucl-102711-095018},
    isbn = {978-0-8243-1562-7},
    doi = {10.1146/annurev-nucl-102711-095018},
    issn = {0163-8998},
    arxivId = {1305.3510},
    keywords = {dense matter equation of, neutron stars, nuclear symmetry energy, state}
}

@inproceedings{Piekarewicz2013,
    title = {{The Nuclear Physics of Neutron Stars}},
    year = {2013},
    booktitle = {AIP Conference Proceedings},
    author = {Piekarewicz, J.},
    url = {https://arxiv.org/abs/1311.7046},
    doi = {10.1063/1.4875293},
    arxivId = {1311.7046},
    keywords = {-c, 21, 26, 60, 65, asymmetric nuclear matter, cd, jz, kp, neutron densities, neutron stars, pacs}
}

@article{Muther1987,
    title = {{The nuclear symmetry energy in relativistic Brueckner-Hartree-Fock calculations}},
    year = {1987},
    journal = {Physics Letters B},
    author = {M{\"{u}}ther, H. and Prakash, M. and Ainsworth, T. L.},
    number = {4},
    pages = {469--474},
    volume = {199},
    doi = {10.1016/0370-2693(87)91611-X},
    issn = {03702693}
}

@book{Rezzolla2018,
    title = {{The Physics and Astrophysics of Neutron Stars}},
    year = {2018},
    editor = {Rezzolla, Luciano and Pizzochero, Pierre and Jones, David Ian and Rea, Nanda and Vida{\~{n}}a, Isaac},
    series = {Astrophysics and Space Science Library},
    volume = {457},
    publisher = {Springer International Publishing},
    url = {http://link.springer.com/10.1007/978-3-319-97616-7},
    isbn = {978-3-319-97615-0},
    doi = {10.1007/978-3-319-97616-7}
}

@article{Woosley2005,
    title = {{The physics of core-collapse supernovae}},
    year = {2005},
    journal = {Nature Physics},
    author = {Woosley, Stan and Janka, Hans-Thomas},
    number = {3},
    month = {12},
    pages = {147--154},
    volume = {1},
    url = {http://www.nature.com/articles/nphys172},
    doi = {10.1038/nphys172},
    issn = {1745-2473},
    arxivId = {astro-ph/0601261}
}

@article{Lattimer2004,
    title = {{The Physics of Neutron Stars}},
    year = {2004},
    journal = {Science},
    author = {Lattimer, J. M. and Prakash, M.},
    number = {5670},
    pages = {536--542},
    volume = {304},
    url = {https://arxiv.org/abs/astro-ph/0405262},
    isbn = {0370-1573},
    doi = {10.1126/science.1090720},
    issn = {00368075},
    pmid = {15105490},
    arxivId = {astro-ph/0405262}
}

@article{Potekhin2010,
    title = {{The physics of neutron stars}},
    year = {2010},
    journal = {Physics Uspekhi},
    author = {Potekhin, Alexander Y.},
    number = {12},
    pages = {1235--1256},
    volume = {53},
    doi = {10.3367/UFNe.0180.201012c.1279},
    arxivId = {1102.5735}
}

@article{Khrennikov2017,
    title = {{The Present Situation in Quantum Theory and its Merging with General Relativity}},
    year = {2017},
    journal = {Foundations of Physics},
    author = {Khrennikov, Andrei},
    number = {8},
    pages = {1077--1099},
    volume = {47},
    publisher = {Springer US},
    doi = {10.1007/s10701-017-0089-0},
    issn = {15729516},
    keywords = {Emergent theory, Infinities, Measurement theory, Non-hilbertian state space formalism, Non-real numbers in physics, Quantum field theory, Quantum gravity, Quantum mechanics, Quantum theory}
}

@article{Gron2007,
    title = {{The Principle of Relativity and Inertial Dragging}},
    year = {2007},
    author = {Gron, Oyvind G.},
    number = {August 2007},
    pages = {17},
    volume = {373},
    url = {http://arxiv.org/abs/0708.0457},
    doi = {10.1119/1.2996480},
    issn = {00029505},
    arxivId = {0708.0457}
}

@article{Herrera1999,
    title = {{The relativistic transformation to rotating frames}},
    year = {1999},
    journal = {arXiv preprint gr-qc/9911015},
    author = {Herrera, L},
    pages = {1--16},
    url = {http://arxiv.org/pdf/gr-qc/9911015},
    arxivId = {arXiv:gr-qc/9911015v1},
    archivePrefix = {arXiv},
    eprint = {9911015v1},
    primaryClass = {gr-qc}
}

@article{Fromholz2013,
    title = {{The Schwarzschild metric: It's the coordinates, stupid!}},
    year = {2013},
    author = {Fromholz, Pierre and Poisson, Eric and Will, Clifford M.},
    pages = {1--15},
    url = {http://arxiv.org/abs/1308.0394%0Ahttp://dx.doi.org/10.1119/1.4850396},
    doi = {10.1119/1.4850396},
    arxivId = {1308.0394}
}

@incollection{Stars1916,
    title = {{The Schwarzschild solution for a homogeneous star}}
}

@article{Chaves2016,
    title = {{The split-operator technique for the study of spino- rial wavepacket dynamics}},
    year = {2016},
    author = {Chaves, A and Farias, G A and Peeters, F M and Ferreira, R},
    pages = {1--19},
    doi = {10.4208/cicp.110914.281014a},
    issn = {1815-2406},
    arxivId = {arXiv:1601.00548v1},
    keywords = {graphene, semiconductor heterostruc-, spin-orbit coupling, wave packet propagation}
}

@article{Moustakidis2017,
    title = {{The stability of relativistic stars and the role of the adiabatic index}},
    year = {2017},
    journal = {General Relativity and Gravitation},
    author = {Moustakidis, Ch C.},
    number = {5},
    pages = {1--17},
    volume = {49},
    doi = {10.1007/s10714-017-2232-9},
    issn = {15729532},
    arxivId = {arXiv:1612.01726v2},
    keywords = {Adiabatic index, Analytical solutions of static spherical structure, Neutron stars, Pulsation stability}
}

@article{OConnell2010,
    title = {{The Wigner Distribution}},
    year = {2010},
    author = {O'Connell, R. F.},
    number = {5},
    pages = {2--3},
    url = {http://arxiv.org/abs/1009.4431},
    arxivId = {1009.4431}
}

@book{Padmanabhan2000,
    title = {{Theoretical Astrophysics Vol. II}},
    year = {2000},
    author = {Padmanabhan, T},
    publisher = {Cambridge University Press}
}

@article{Naab2016,
    title = {{Theoretical Challenges in Galaxy Formation}},
    year = {2016},
    author = {Naab, Thorsten and Ostriker, Jeremiah P.},
    number = {May},
    url = {http://arxiv.org/abs/1612.06891%0Ahttp://dx.doi.org/10.1146/annurev-astro-081913-040019},
    doi = {10.1146/annurev-astro-081913-040019},
    issn = {0066-4146},
    arxivId = {1612.06891},
    keywords = {cosmology, galaxy evolution, theoretical models}
}

@article{Haar2002,
    title = {{Theory and applications of the density matrix}},
    year = {2002},
    journal = {Reports on Progress in Physics},
    author = {Haar, D Ter},
    pages = {304--362},
    volume = {24},
    doi = {10.1088/0034-4885/24/1/307},
    issn = {00344885}
}

@article{Kremer2014,
    title = {{Theory and applications of the relativistic Boltzmann equation}},
    year = {2014},
    author = {Kremer, Gilberto M.},
    pages = {12},
    url = {http://arxiv.org/abs/1404.7083},
    doi = {10.1142/S0219887814600056},
    issn = {02198878},
    arxivId = {1404.7083}
}

@article{McKee2007,
    title = {{Theory of Star Formation}},
    year = {2007},
    author = {McKee, Christopher F. and Ostriker, Eve C.},
    pages = {565--688},
    url = {http://arxiv.org/abs/0707.3514%0Ahttp://dx.doi.org/10.1146/annurev.astro.45.051806.110602},
    isbn = {0066-4146},
    doi = {10.1146/annurev.astro.45.051806.110602},
    issn = {0066-4146},
    pmid = {15003161},
    arxivId = {0707.3514},
    keywords = {accretion, galaxies, giant molecular clouds, gravitational collapse, hii regions, initial mass function, interstellar medium, jets and, magnetohydrodynamics, outflows, protostars, star clusters}
}

@article{Page2012,
    title = {{Thermal and transport properties of the neutron star inner crust}},
    year = {2012},
    author = {Page, Dany and Reddy, Sanjay},
    pages = {1--27},
    url = {http://arxiv.org/abs/1201.5602},
    isbn = {9781620819029},
    arxivId = {1201.5602},
    keywords = {equation of state, neutron star crust, quantum fluids, thermal and transport}
}

@article{Herrera1998,
    title = {{Thermal conduction before relaxation in slowly rotating fluids}},
    year = {1998},
    journal = {Journal of Mathematical Physics},
    author = {Herrera, L. and Mart{\'{i}}nez, J.},
    number = {6},
    pages = {3260--3270},
    volume = {39},
    doi = {10.1063/1.532252},
    issn = {00222488}
}

@article{Tsuruta2009,
    title = {{Thermal evolution of hyperon-mixed neutron stars}},
    year = {2009},
    journal = {Astrophysical Journal},
    author = {Tsuruta, S. and Sadino, J. and Kobelski, A. and Teter, M. A. and Liebmann, A. C. and Takatsuka, T. and Nomoto, K. and Umeda, H.},
    number = {1},
    pages = {621--632},
    volume = {691},
    doi = {10.1088/0004-637X/691/1/621},
    issn = {15384357},
    keywords = {X-rays: stars, dense matter, stars: neutron}
}

@article{Swesty1996,
    title = {{Thermodynamically Consistent Interpolation for Equation of State Tables}},
    year = {1996},
    journal = {Journal of Computational Physics},
    author = {Swesty, F.Douglas},
    number = {1},
    month = {8},
    pages = {118--127},
    volume = {127},
    url = {http://linkinghub.elsevier.com/retrieve/pii/S002199919690162X},
    doi = {10.1006/jcph.1996.0162},
    issn = {00219991}
}

@article{Herrera1997,
    title = {{Two effects in slowly evolving dissipative self-gravitating spheres}},
    year = {1997},
    journal = {Physical Review D - Particles, Fields, Gravitation and Cosmology},
    author = {Herrera, L. and Di Prisco, A.},
    number = {4},
    pages = {2044--2050},
    volume = {55},
    doi = {10.1103/PhysRevD.55.2044},
    issn = {15502368}
}

@article{Cook1995,
    title = {{Understanding the chemical potential}},
    year = {1995},
    journal = {American Journal of Physics American Journal of Physics American Journal of Physics American Journal of Physics American Journal of Physics American Journal of Physics American Journal of Physics},
    author = {Cook, G and Dickerson, R H},
    number = {67},
    pages = {415--1189},
    volume = {63},
    doi = {10.1119/1.19105}
}

@article{Boshkayev2016,
    title = {{Uniformly rotating neutron stars}},
    year = {2016},
    journal = {arXiv preprint},
    author = {Boshkayev, Kuantay},
    pages = {1--30},
    url = {http://arxiv.org/abs/1608.08207},
    arxivId = {1608.08207},
    keywords = {equations of state, mass-radius relation, neutron stars}
}

@article{Belvedere2014,
    title = {{Uniformly rotating neutron stars in the global and local charge neutrality cases}},
    year = {2014},
    journal = {Nuclear Physics A},
    author = {Belvedere, Riccardo and Boshkayev, Kuantay and Rueda, Jorge A. and Ruffini, Remo},
    pages = {33--59},
    volume = {921},
    doi = {10.1016/j.nuclphysa.2013.11.001},
    issn = {03759474},
    arxivId = {arXiv:1307.2836v2},
    keywords = {Astrophysics, Field theory, Neutron stars, Nuclear physics, Quantum hadrodynamics}
}

@article{Rezzolla2017,
    title = {{Using gravitational-wave observations and quasi-universal relations to constrain the maximum mass of neutron stars}},
    year = {2017},
    journal = {The Astrophysical Journal Letters},
    author = {Rezzolla, Luciano and Most, Elias R. and Weih, Lukas R.},
    number = {2},
    pages = {L25},
    volume = {852},
    publisher = {IOP Publishing},
    url = {http://arxiv.org/abs/1711.00314%0Ahttp://dx.doi.org/10.3847/2041-8213/aaa401},
    doi = {10.3847/2041-8213/aaa401},
    issn = {2041-8213},
    arxivId = {1711.00314},
    keywords = {analytical, equation of state, gravitational waves, methods, methods: ana, neutron, stars}
}

@article{5Presentations,
    title = {{5 Guidelines for Creating Presentations}},
    pages = {29--38}
}

@article{Haensel2002AdiabaticPulsations,
    title = {{Adiabatic index of dense matter and damping of neutron star pulsations}},
    year = {2002},
    journal = {Astronomy {\&} Astrophysics},
    author = {Haensel, P. and Levenfish, K. P. and Yakovlev, D. G.},
    number = {1},
    month = {10},
    pages = {213--217},
    volume = {394},
    publisher = {EDP Sciences},
    doi = {10.1051/0004-6361:20021112},
    issn = {0004-6361}
}

@misc{2004BoltzmannsPhysics,
    title = {{Boltzmann's Work in Statistical Physics}},
    year = {2004},
    booktitle = {Stanford Encyclopedia of Philosophy},
    url = {https://plato.stanford.edu/entries/statphys-Boltzmann/}
}

@article{StoneColdModel,
    title = {{Cold Uniform Matter and Neutron Stars in the Quark-Meson-Coupling Model}},
    author = {Stone, J Rikovska and Matevosyan, H H and Thomas, A W},
    number = {February 2017},
    pages = {1--34},
    arxivId = {arXiv:nucl-th/0611030v1},
    archivePrefix = {arXiv},
    eprint = {0611030v1},
    primaryClass = {nucl-th}
}

@misc{CVRueda,
    title = {{CV de Jorge Rueda}}
}

@misc{RamosEcuacionesAcoplamiento,
    title = {{Ecuaciones de campo y condiciones de acoplamiento}},
    author = {Ramos, David}
}

@article{Nunez2001EsquemaMaple,
    title = {{Esquema de Bondi hecho en Maple}},
    year = {2001},
    author = {Nu{\~{n}}ez, Luis},
    number = {February},
    volume = {79}
}

@article{Stahl2014GeneralizedCircuits,
    title = {{Generalized Liouville Equation for Nonlinear Dynamic Circuits}},
    year = {2014},
    author = {Stahl, Daniel and Mathis, Wolfgang},
    number = {8},
    pages = {201--204}
}

@article{STEEB1979GENERALIZEDCYCLES,
    title = {{GENERALIZED LIOUVILLE EQUATION, ENTROPY, AND DYNAMIC SYSTEMS CONTAINING LIMIT CYCLES}},
    year = {1979},
    author = {STEEB, WILLI-HANS},
    pages = {181--190}
}

@article{Barreto2015LivingSphericity,
    title = {{Living green paper on Low rotation from sphericity}},
    year = {2015},
    author = {Barreto, W and Nu{\~{n}}ez, Luis},
    number = {1},
    pages = {1--11}
}

@article{ModifiedProccess,
    title = {{Modified Urca proccess}},
    url = {https://physics.stackexchange.com/questions/6533/what-allows-the-modified-urca-process-to-work-at-lower-density-than-direct-urca?rq=1}
}

@article{Lavallaz2010NeutronProbes.,
    title = {{Neutron Stars as Dark Matter Probes.}},
    year = {2010},
    author = {Lavallaz, Arnaud De and Fairbairn, Malcolm},
    arxivId = {arXiv:1004.0629v1}
}

@article{Raj2017NeutronFrontier,
    title = {{Neutron stars at the dark matter direct detection frontier}},
    year = {2017},
    author = {Raj, Nirmal and Tanedo, Philip and Yu, Hai-bo},
    number = {1},
    pages = {1--6},
    arxivId = {arXiv:1707.09442v1}
}

@article{HeintzmannNeutronStability,
    title = {{Neutron Stars with an Anisotropic Equation of State: Mass, Redshift and Stability}},
    author = {Heintzmann, H and Hillebrant, W}
}

@article{RodriguezNeutronRelativity,
    title = {{Neutron stars within pseudo-complex general relativity}},
    author = {Rodr{\'{i}}guez, Isaac and Hess, Peter O and Schramm, Stefan and Greiner, Walter},
    volume = {105201},
    publisher = {IOP Publishing},
    doi = {10.1088/0954-3899/41/10/105201}
}

@misc{NoteUnits,
    title = {{Note on units}}
}

@article{BarretoRadiatingCase,
    title = {{Radiating and slowly rotating bodies : a stationary case}},
    author = {Barreto, W},
    number = {7}
}

@article{HerreraRadiatingRelativity,
    title = {{Radiating, slowly rotating bodies in general relativity}},
    author = {Herrera, Luis and Melfo, A and Nu{\~{n}}ez, Luis and Pati{\~{n}}o, A}
}

@article{Barreto2015RadiationConfigurations,
    title = {{Radiation Hydrodynamics in Slowly Rotating General Relativistic Matter Configurations}},
    year = {2015},
    author = {Barreto, W},
    pages = {146}
}

@misc{CallenRelativisticThermodynamics,
    title = {{Relativistic Thermodynamics}},
    author = {Callen, Herbert and Horwitz, Gerald}
}

@misc{SpeedStars,
    title = {{Speed of sound on Neutron stars}},
    url = {https://physics.stackexchange.com/questions/54684/is-the-speed-of-sound-almost-as-high-as-the-speed-of-light-in-neutron-stars?rq=1}
}

@article{Dexheimer2017TabulatedModel,
    title = {{Tabulated Neutron Star Equations of State Modeled within the Chiral Mean Field Model}},
    year = {2017},
    author = {Dexheimer, V},
    month = {8},
    url = {http://arxiv.org/abs/1708.08342 http://dx.doi.org/10.1017/pasa.2017.61},
    doi = {10.1017/pasa.2017.61},
    arxivId = {1708.08342},
    keywords = {chiral symmetry, hyperon, neutron star, quark deconfinement, tabulated equation of state}
}

@misc{TeachingActivities,
    title = {{Teaching Activities}},
    url = {http://www.jb.man.ac.uk/~smao/teaching.html}
}

@article{Articles2012TheLimit,
    title = {{The Planck mass and the Chandrasekhar limit}},
    year = {2012},
    author = {Articles, Related},
    number = {2009},
    volume = {683},
    doi = {10.1119/1.3110884}
}

@article{Articles2012TopicsExamples,
    title = {{Topics in quantum physics with origins in astronomy: Two examples}},
    year = {2012},
    author = {Articles, Related},
    volume = {406},
    doi = {10.1119/1.3679145}
}